
    <record>
        <leader>01923aam a22004571i 4500</leader>
        <controlfield tag="001">020841190</controlfield>
        <controlfield tag="003">Uk</controlfield>
        <controlfield tag="005">20230130170029.0</controlfield>
        <controlfield tag="006">m    ||  d |      </controlfield>
        <controlfield tag="007">cr |||||||||||</controlfield>
        <controlfield tag="008">221214s2019    xxk||||fo    |||| ||eng  </controlfield>
        <datafield tag="020" ind1=" " ind2=" ">
            <subfield code="a">1292302941</subfield>
            <subfield code="q">Electronic book (EPUB format)</subfield>
        </datafield>
        <datafield tag="020" ind1=" " ind2=" ">
            <subfield code="a">9781292302942</subfield>
            <subfield code="q">Electronic book (EPUB format)</subfield>
        </datafield>
        <datafield tag="020" ind1=" " ind2=" ">
            <subfield code="z">9781405862394</subfield>
            <subfield code="q">print</subfield>
        </datafield>
        <datafield tag="037" ind1=" " ind2=" ">
            <subfield code="a">9781292302942</subfield>
            <subfield code="b">Pearson UK</subfield>
        </datafield>
        <datafield tag="082" ind1="1" ind2="4">
            <subfield code="a">428.6</subfield>
            <subfield code="2">22</subfield>
        </datafield>
        <datafield tag="100" ind1="1" ind2=" ">
            <subfield code="a">Taylor, Nancy,</subfield>
            <subfield code="d">1947-</subfield>
            <subfield code="e">author.</subfield>
        </datafield>
        <datafield tag="245" ind1="1" ind2="0">
            <subfield code="a">Jim Smiley and his jumping frog and other stories /</subfield>
            <subfield code="c">Mark Twain ; retold by Nancy Taylor.</subfield>
        </datafield>
        <datafield tag="264" ind1=" " ind2="1">
            <subfield code="a">Harlow :</subfield>
            <subfield code="b">Pearson Education,</subfield>
            <subfield code="c">2019.</subfield>
        </datafield>
        <datafield tag="264" ind1=" " ind2="4">
            <subfield code="c">©2020</subfield>
        </datafield>
        <datafield tag="300" ind1=" " ind2=" ">
            <subfield code="a">1 online resource.</subfield>
        </datafield>
        <datafield tag="336" ind1=" " ind2=" ">
            <subfield code="a">text</subfield>
            <subfield code="2">rdacontent</subfield>
        </datafield>
        <datafield tag="337" ind1=" " ind2=" ">
            <subfield code="a">computer</subfield>
            <subfield code="2">rdamedia</subfield>
        </datafield>
        <datafield tag="338" ind1=" " ind2=" ">
            <subfield code="a">online resource</subfield>
            <subfield code="2">rdacarrier</subfield>
        </datafield>
        <datafield tag="490" ind1="1" ind2=" ">
            <subfield code="a">Penguin readers. Level 3</subfield>
        </datafield>
        <datafield tag="505" ind1="0" ind2=" ">
            <subfield code="a">Jim Smiley and his jumping frog -- The other side of war -- Is he living or is he dead? -- Passport to Russia -- A true story -- Murer in Connecticut -- Ed Jackson meets Cornelius Vanderbilt -- A dog's life -- Activities.</subfield>
        </datafield>
        <datafield tag="700" ind1="1" ind2=" ">
            <subfield code="a">Twain, Mark,</subfield>
            <subfield code="d">1835-1910.</subfield>
            <subfield code="t">Jim Smiley and his jumping frog and other stories.</subfield>
        </datafield>
        <datafield tag="830" ind1=" " ind2="0">
            <subfield code="a">Penguin readers.</subfield>
            <subfield code="n">Level 3</subfield>
        </datafield>
    </record>