
    <record>
        <leader>00847nam a22002778i 4500</leader>
        <controlfield tag="001">020172864</controlfield>
        <controlfield tag="003">Uk</controlfield>
        <controlfield tag="005">20210427170101.0</controlfield>
        <controlfield tag="008">210422s2021    oru           000|f|eng|d</controlfield>
        <datafield tag="016" ind1="7" ind2=" ">
            <subfield code="a">020172864</subfield>
            <subfield code="2">Uk</subfield>
        </datafield>
        <datafield tag="020" ind1=" " ind2=" ">
            <subfield code="a">9781513221069 (hbk.) :</subfield>
            <subfield code="c">No price</subfield>
        </datafield>
        <datafield tag="082" ind1="0" ind2="4">
            <subfield code="a">813.4</subfield>
            <subfield code="2">23</subfield>
        </datafield>
        <datafield tag="100" ind1="1" ind2=" ">
            <subfield code="a">Twain, Mark,</subfield>
            <subfield code="d">1835-1910,</subfield>
            <subfield code="e">author.</subfield>
        </datafield>
        <datafield tag="245" ind1="1" ind2="4">
            <subfield code="a">The adventures of Huckleberry Finn /</subfield>
            <subfield code="c">Mark Twain.</subfield>
        </datafield>
        <datafield tag="250" ind1=" " ind2=" ">
            <subfield code="a">New edition.</subfield>
        </datafield>
        <datafield tag="263" ind1=" " ind2=" ">
            <subfield code="a">202104</subfield>
        </datafield>
        <datafield tag="264" ind1=" " ind2="1">
            <subfield code="a">Portland :</subfield>
            <subfield code="b">Mint Editions,</subfield>
            <subfield code="c">2021.</subfield>
        </datafield>
        <datafield tag="300" ind1=" " ind2=" ">
            <subfield code="a">1 volume ;</subfield>
            <subfield code="c">21 cm</subfield>
        </datafield>
        <datafield tag="336" ind1=" " ind2=" ">
            <subfield code="a">text</subfield>
            <subfield code="2">rdacontent</subfield>
        </datafield>
        <datafield tag="337" ind1=" " ind2=" ">
            <subfield code="a">unmediated</subfield>
            <subfield code="2">rdamedia</subfield>
        </datafield>
        <datafield tag="338" ind1=" " ind2=" ">
            <subfield code="a">volume</subfield>
            <subfield code="2">rdacarrier</subfield>
        </datafield>
        <datafield tag="600" ind1="1" ind2="0">
            <subfield code="a">Finn, Huckleberry</subfield>
            <subfield code="c">(Fictitious character)</subfield>
            <subfield code="v">Fiction.</subfield>
        </datafield>
    </record>