
    <record>
        <leader>01228 am a2200325 i 4500</leader>
        <controlfield tag="001">019743045</controlfield>
        <controlfield tag="003">Uk</controlfield>
        <controlfield tag="005">20200309212540.0</controlfield>
        <controlfield tag="008">991004s1968    wlka          000 f wel c</controlfield>
        <datafield tag="100" ind1="1" ind2=" ">
            <subfield code="a">Twain, Mark,</subfield>
            <subfield code="d">1835-1910,</subfield>
            <subfield code="e">author.</subfield>
        </datafield>
        <datafield tag="240" ind1="1" ind2="0">
            <subfield code="a">Adventures of Tom Sawyer.</subfield>
            <subfield code="l">Welsh</subfield>
        </datafield>
        <datafield tag="245" ind1="1" ind2="0">
            <subfield code="a">Anturiaethau Tom Sawyer =</subfield>
            <subfield code="b">(The adventures of Tom Sawyer) /</subfield>
            <subfield code="c">Mark Twain ; adapted for Welsh Learners by Ivor Owen.</subfield>
        </datafield>
        <datafield tag="246" ind1="3" ind2="1">
            <subfield code="a">Adventures of Tom Sawyer</subfield>
        </datafield>
        <datafield tag="264" ind1=" " ind2="1">
            <subfield code="a">Dinbych :</subfield>
            <subfield code="b">Gwasg Gee,</subfield>
            <subfield code="c">1968.</subfield>
        </datafield>
        <datafield tag="300" ind1=" " ind2=" ">
            <subfield code="a">100 pages :</subfield>
            <subfield code="b">illustrations (black and white) ;</subfield>
            <subfield code="c">15 x 23 cm</subfield>
        </datafield>
        <datafield tag="336" ind1=" " ind2=" ">
            <subfield code="a">text</subfield>
            <subfield code="2">rdacontent</subfield>
        </datafield>
        <datafield tag="337" ind1=" " ind2=" ">
            <subfield code="a">unmediated</subfield>
            <subfield code="2">rdamedia</subfield>
        </datafield>
        <datafield tag="338" ind1=" " ind2=" ">
            <subfield code="a">volume</subfield>
            <subfield code="2">rdacarrier</subfield>
        </datafield>
        <datafield tag="546" ind1=" " ind2=" ">
            <subfield code="a">Addasiad ar gyfer dysgwyr Cymraeg o = Adaptation for Welsh learners of: The adventures of Tom Sawyer.</subfield>
        </datafield>
        <datafield tag="600" ind1="1" ind2="0">
            <subfield code="a">Finn, Huckleberry</subfield>
            <subfield code="c">(Fictitious character)</subfield>
            <subfield code="v">Fiction.</subfield>
        </datafield>
        <datafield tag="600" ind1="1" ind2="0">
            <subfield code="a">Sawyer, Tom (Fictitious character)</subfield>
            <subfield code="v">Fiction.</subfield>
        </datafield>
        <datafield tag="700" ind1="1" ind2=" ">
            <subfield code="a">Owen, Ivor,</subfield>
            <subfield code="e">translator.</subfield>
        </datafield>
    </record>