
    <record>
        <leader>01205pam a2200337 i 4500</leader>
        <controlfield tag="001">019648186</controlfield>
        <controlfield tag="003">Uk</controlfield>
        <controlfield tag="005">20230826091431.0</controlfield>
        <controlfield tag="008">191210s2020    enka   j      000|1|eng|d</controlfield>
        <datafield tag="016" ind1="7" ind2=" ">
            <subfield code="a">019648186</subfield>
            <subfield code="2">Uk</subfield>
        </datafield>
        <datafield tag="020" ind1=" " ind2=" ">
            <subfield code="a">9781913060060 (hbk.) :</subfield>
            <subfield code="c">£12.99</subfield>
        </datafield>
        <datafield tag="041" ind1="1" ind2=" ">
            <subfield code="a">eng</subfield>
            <subfield code="h">gre</subfield>
        </datafield>
        <datafield tag="082" ind1="0" ind2="4">
            <subfield code="a">889.34</subfield>
            <subfield code="2">23</subfield>
        </datafield>
        <datafield tag="100" ind1="1" ind2=" ">
            <subfield code="a">Papatheodoulou, Antōnēs,</subfield>
            <subfield code="d">1977-</subfield>
            <subfield code="e">author.</subfield>
        </datafield>
        <datafield tag="245" ind1="1" ind2="0">
            <subfield code="a">Tom Sawyer or the largest playroom in the world /</subfield>
            <subfield code="c">Mark Twain ; retold by Antonis Papatheodoulou ; illustrated by Iris Samartzi.</subfield>
        </datafield>
        <datafield tag="264" ind1=" " ind2="1">
            <subfield code="a">London :</subfield>
            <subfield code="b">Faros Books,</subfield>
            <subfield code="c">2020.</subfield>
        </datafield>
        <datafield tag="300" ind1=" " ind2=" ">
            <subfield code="a">1 volume (unpaged) :</subfield>
            <subfield code="b">illustrations ;</subfield>
            <subfield code="c">23 x 25 cm.</subfield>
        </datafield>
        <datafield tag="336" ind1=" " ind2=" ">
            <subfield code="a">still image</subfield>
            <subfield code="2">rdacontent</subfield>
        </datafield>
        <datafield tag="336" ind1=" " ind2=" ">
            <subfield code="a">text</subfield>
            <subfield code="2">rdacontent</subfield>
        </datafield>
        <datafield tag="337" ind1=" " ind2=" ">
            <subfield code="a">unmediated</subfield>
            <subfield code="2">rdamedia</subfield>
        </datafield>
        <datafield tag="338" ind1=" " ind2=" ">
            <subfield code="a">volume</subfield>
            <subfield code="2">rdacarrier</subfield>
        </datafield>
        <datafield tag="490" ind1="0" ind2=" ">
            <subfield code="a">Great little classics</subfield>
        </datafield>
        <datafield tag="500" ind1=" " ind2=" ">
            <subfield code="a">Formerly CIP.</subfield>
            <subfield code="5">Uk</subfield>
        </datafield>
        <datafield tag="500" ind1=" " ind2=" ">
            <subfield code="a">Translated from the Greek.</subfield>
        </datafield>
        <datafield tag="600" ind1="1" ind2="0">
            <subfield code="a">Sawyer, Tom</subfield>
            <subfield code="c">(Fictitious character)</subfield>
            <subfield code="v">Pictorial works</subfield>
            <subfield code="v">Juvenile fiction.</subfield>
        </datafield>
        <datafield tag="700" ind1="1" ind2=" ">
            <subfield code="a">Samartzē, Iris,</subfield>
            <subfield code="e">artist.</subfield>
        </datafield>
        <datafield tag="700" ind1="1" ind2=" ">
            <subfield code="a">Twain, Mark,</subfield>
            <subfield code="d">1835-1910.</subfield>
            <subfield code="t">Tom Sawyer.</subfield>
        </datafield>
    </record>