
    <record>
        <leader>01601nam a22003618i 4500</leader>
        <controlfield tag="001">019512636</controlfield>
        <controlfield tag="003">Uk</controlfield>
        <controlfield tag="005">20190820170000.0</controlfield>
        <controlfield tag="008">190715s2019    enka          000|f|eng|d</controlfield>
        <datafield tag="016" ind1="7" ind2=" ">
            <subfield code="a">019512636</subfield>
            <subfield code="2">Uk</subfield>
        </datafield>
        <datafield tag="020" ind1=" " ind2=" ">
            <subfield code="a">9781838570606 (pbk.) :</subfield>
            <subfield code="c">£59.99</subfield>
        </datafield>
        <datafield tag="082" ind1="0" ind2="4">
            <subfield code="a">808.8387</subfield>
            <subfield code="2">23</subfield>
        </datafield>
        <datafield tag="245" ind1="0" ind2="4">
            <subfield code="a">The great adventure collection.</subfield>
        </datafield>
        <datafield tag="263" ind1=" " ind2=" ">
            <subfield code="a">201909</subfield>
        </datafield>
        <datafield tag="264" ind1=" " ind2="1">
            <subfield code="a">London :</subfield>
            <subfield code="b">Arcturus,</subfield>
            <subfield code="c">2019.</subfield>
        </datafield>
        <datafield tag="300" ind1=" " ind2=" ">
            <subfield code="a">1 volume :</subfield>
            <subfield code="b">illustrations (colour) ;</subfield>
            <subfield code="c">20 cm</subfield>
        </datafield>
        <datafield tag="336" ind1=" " ind2=" ">
            <subfield code="a">still image</subfield>
            <subfield code="2">rdacontent</subfield>
        </datafield>
        <datafield tag="336" ind1=" " ind2=" ">
            <subfield code="a">text</subfield>
            <subfield code="2">rdacontent</subfield>
        </datafield>
        <datafield tag="337" ind1=" " ind2=" ">
            <subfield code="a">unmediated</subfield>
            <subfield code="2">rdamedia</subfield>
        </datafield>
        <datafield tag="338" ind1=" " ind2=" ">
            <subfield code="a">volume</subfield>
            <subfield code="2">rdacarrier</subfield>
        </datafield>
        <datafield tag="500" ind1=" " ind2=" ">
            <subfield code="a">Boxed.</subfield>
        </datafield>
        <datafield tag="505" ind1="0" ind2=" ">
            <subfield code="a">The adventures of Huckleberry Finn / Mark Twain -- The man who would be king, &amp; other stories / Rudyard Kipling -- The last of the Mochicans / James Fenimore Cooper -- The Odyssey / Homer -- Gulliver's travels / Jonathan Swift -- Journey to the centre of the Earth / Jules Verne -- Robinson Crusoe / Daniel Defoe -- The heart of darkness / Joseph Conrad.</subfield>
        </datafield>
        <datafield tag="700" ind1="0" ind2="2">
            <subfield code="a">Homer.</subfield>
            <subfield code="t">Odyssey.</subfield>
        </datafield>
        <datafield tag="700" ind1="1" ind2="2">
            <subfield code="a">Conrad, Joseph,</subfield>
            <subfield code="d">1857-1924.</subfield>
            <subfield code="t">Heart of darkness.</subfield>
        </datafield>
        <datafield tag="700" ind1="1" ind2="2">
            <subfield code="a">Cooper, James Fenimore,</subfield>
            <subfield code="d">1789-1851.</subfield>
            <subfield code="t">Last of the Mohicans.</subfield>
        </datafield>
        <datafield tag="700" ind1="1" ind2="2">
            <subfield code="a">Defoe, Daniel,</subfield>
            <subfield code="d">1661?-1731.</subfield>
            <subfield code="t">Robinson Crusoe.</subfield>
        </datafield>
        <datafield tag="700" ind1="1" ind2="2">
            <subfield code="a">Kipling, Rudyard,</subfield>
            <subfield code="d">1865-1936.</subfield>
            <subfield code="t">Man who would be king.</subfield>
        </datafield>
        <datafield tag="700" ind1="1" ind2="2">
            <subfield code="a">Swift, Jonathan,</subfield>
            <subfield code="d">1667-1745.</subfield>
            <subfield code="t">Gulliver's travels.</subfield>
        </datafield>
        <datafield tag="700" ind1="1" ind2="2">
            <subfield code="a">Twain, Mark,</subfield>
            <subfield code="d">1835-1910.</subfield>
            <subfield code="t">Adventures of Huckleberry Finn.</subfield>
        </datafield>
        <datafield tag="700" ind1="1" ind2="2">
            <subfield code="a">Verne, Jules,</subfield>
            <subfield code="d">1828-1905.</subfield>
            <subfield code="t">Voyage au centre de la terre.</subfield>
            <subfield code="l">English.</subfield>
        </datafield>
    </record>