
    <record>
        <leader>02423nam a2200541 i 4500</leader>
        <controlfield tag="001">019147624</controlfield>
        <controlfield tag="003">Uk</controlfield>
        <controlfield tag="005">20210310175226.0</controlfield>
        <controlfield tag="008">181130s2018    ii a   j     |||| fdeng  </controlfield>
        <datafield tag="016" ind1="7" ind2=" ">
            <subfield code="a">019147624</subfield>
            <subfield code="2">Uk</subfield>
        </datafield>
        <datafield tag="020" ind1=" " ind2=" ">
            <subfield code="a">9788131944523</subfield>
        </datafield>
        <datafield tag="020" ind1=" " ind2=" ">
            <subfield code="a">9788131944530</subfield>
        </datafield>
        <datafield tag="020" ind1=" " ind2=" ">
            <subfield code="a">9788131944547</subfield>
        </datafield>
        <datafield tag="020" ind1=" " ind2=" ">
            <subfield code="a">9788131944554</subfield>
        </datafield>
        <datafield tag="020" ind1=" " ind2=" ">
            <subfield code="a">9788131944561</subfield>
        </datafield>
        <datafield tag="020" ind1=" " ind2=" ">
            <subfield code="a">9788131944578</subfield>
        </datafield>
        <datafield tag="020" ind1=" " ind2=" ">
            <subfield code="a">9788131944585</subfield>
        </datafield>
        <datafield tag="020" ind1=" " ind2=" ">
            <subfield code="a">9788131944592</subfield>
        </datafield>
        <datafield tag="020" ind1=" " ind2=" ">
            <subfield code="a">9788131944608</subfield>
        </datafield>
        <datafield tag="020" ind1=" " ind2=" ">
            <subfield code="a">9788131944615</subfield>
        </datafield>
        <datafield tag="020" ind1=" " ind2=" ">
            <subfield code="a">9788131944622</subfield>
        </datafield>
        <datafield tag="020" ind1=" " ind2=" ">
            <subfield code="a">9788131944639</subfield>
        </datafield>
        <datafield tag="020" ind1=" " ind2=" ">
            <subfield code="a">9788131948644</subfield>
            <subfield code="q">Set</subfield>
        </datafield>
        <datafield tag="082" ind1="0" ind2="4">
            <subfield code="a">808.899282</subfield>
            <subfield code="2">23</subfield>
        </datafield>
        <datafield tag="245" ind1="0" ind2="0">
            <subfield code="a">Pegasus Classics Retold.</subfield>
        </datafield>
        <datafield tag="264" ind1=" " ind2="1">
            <subfield code="a">[Noida, Uttar Pradesh, India] :</subfield>
            <subfield code="b">Pegasus for Kids,</subfield>
            <subfield code="c">[2018?]</subfield>
        </datafield>
        <datafield tag="300" ind1=" " ind2=" ">
            <subfield code="a">12 Volumes :</subfield>
            <subfield code="b">illustrations (black and white) ;</subfield>
            <subfield code="c">20 cm</subfield>
        </datafield>
        <datafield tag="336" ind1=" " ind2=" ">
            <subfield code="a">still image</subfield>
            <subfield code="2">rdacontent</subfield>
        </datafield>
        <datafield tag="336" ind1=" " ind2=" ">
            <subfield code="a">text</subfield>
            <subfield code="2">rdacontent</subfield>
        </datafield>
        <datafield tag="337" ind1=" " ind2=" ">
            <subfield code="a">unmediated</subfield>
            <subfield code="2">rdamedia</subfield>
        </datafield>
        <datafield tag="338" ind1=" " ind2=" ">
            <subfield code="a">volume</subfield>
            <subfield code="2">rdacarrier</subfield>
        </datafield>
        <datafield tag="500" ind1=" " ind2=" ">
            <subfield code="a">In slipcase. Title from slipcase.</subfield>
        </datafield>
        <datafield tag="505" ind1="0" ind2=" ">
            <subfield code="a">The wonderful wizard of Oz / L. Frank Baum -- Robin Hood / Howard Pyle -- The adventures of Tom Sawyer / Mark Twain -- The diary of a young girl / Anne Frank -- Three Musketeers / Alexander Dumas -- Treasure Island / Robert Louis Stevenson -- Oliver Twist / Charles Dickens -- A journey to the centre of the earth / Jules Verne -- Around the world in 80 days / Jules Verne -- David Copperfield / Charles Dickens -- Jungle book / Rudyard Kipling -- Moby Dick / Herman Melville.</subfield>
        </datafield>
        <datafield tag="700" ind1="1" ind2=" ">
            <subfield code="a">Baum, L. Frank</subfield>
            <subfield code="q">(Lyman Frank),</subfield>
            <subfield code="d">1856-1919.</subfield>
            <subfield code="t">Wonderful wizard of Oz.</subfield>
        </datafield>
        <datafield tag="700" ind1="1" ind2=" ">
            <subfield code="a">Dickens, Charles,</subfield>
            <subfield code="d">1812-1870.</subfield>
            <subfield code="t">David Copperfield.</subfield>
        </datafield>
        <datafield tag="700" ind1="1" ind2=" ">
            <subfield code="a">Dickens, Charles,</subfield>
            <subfield code="d">1812-1870.</subfield>
            <subfield code="t">Oliver Twist.</subfield>
        </datafield>
        <datafield tag="700" ind1="1" ind2=" ">
            <subfield code="a">Dumas, Alexandre,</subfield>
            <subfield code="d">1802-1870.</subfield>
            <subfield code="t">Trois mousquetaires.</subfield>
            <subfield code="l">English.</subfield>
        </datafield>
        <datafield tag="700" ind1="1" ind2=" ">
            <subfield code="a">Frank, Anne,</subfield>
            <subfield code="d">1929-1945.</subfield>
            <subfield code="t">Achterhuis.</subfield>
            <subfield code="l">English.</subfield>
        </datafield>
        <datafield tag="700" ind1="1" ind2=" ">
            <subfield code="a">Kipling, Rudyard,</subfield>
            <subfield code="d">1865-1936.</subfield>
            <subfield code="t">Jungle book.</subfield>
        </datafield>
        <datafield tag="700" ind1="1" ind2=" ">
            <subfield code="a">Melville, Herman,</subfield>
            <subfield code="d">1819-1891.</subfield>
            <subfield code="t">Moby Dick.</subfield>
        </datafield>
        <datafield tag="700" ind1="1" ind2=" ">
            <subfield code="a">Pyle, Howard,</subfield>
            <subfield code="d">1853-1911.</subfield>
            <subfield code="t">Merry adventures of Robin Hood.</subfield>
        </datafield>
        <datafield tag="700" ind1="1" ind2=" ">
            <subfield code="a">Stevenson, Robert Louis,</subfield>
            <subfield code="d">1850-1894.</subfield>
            <subfield code="t">Treasure Island.</subfield>
        </datafield>
        <datafield tag="700" ind1="1" ind2=" ">
            <subfield code="a">Twain, Mark,</subfield>
            <subfield code="d">1835-1910.</subfield>
            <subfield code="t">Adventures of Tom Sawyer.</subfield>
        </datafield>
        <datafield tag="700" ind1="1" ind2=" ">
            <subfield code="a">Verne, Jules,</subfield>
            <subfield code="d">1828-1905.</subfield>
            <subfield code="t">Tour du monde en quatre-vingts jours.</subfield>
            <subfield code="l">English.</subfield>
        </datafield>
        <datafield tag="700" ind1="1" ind2=" ">
            <subfield code="a">Verne, Jules,</subfield>
            <subfield code="d">1828-1905.</subfield>
            <subfield code="t">Voyage au centre de la terre.</subfield>
            <subfield code="l">English.</subfield>
        </datafield>
    </record>