
    <record>
        <leader>01052nam a22003138i 4500</leader>
        <controlfield tag="001">018904589</controlfield>
        <controlfield tag="003">Uk</controlfield>
        <controlfield tag="005">20180612170000.0</controlfield>
        <controlfield tag="008">180529s2018    enka   j      000|f|eng|d</controlfield>
        <datafield tag="016" ind1="7" ind2=" ">
            <subfield code="a">018904589</subfield>
            <subfield code="2">Uk</subfield>
        </datafield>
        <datafield tag="020" ind1=" " ind2=" ">
            <subfield code="a">9781788286947 (pbk.) :</subfield>
            <subfield code="c">£4.99</subfield>
        </datafield>
        <datafield tag="082" ind1="0" ind2="4">
            <subfield code="a">823.92</subfield>
            <subfield code="2">23</subfield>
        </datafield>
        <datafield tag="100" ind1="1" ind2=" ">
            <subfield code="a">Pirotta, Saviour,</subfield>
            <subfield code="e">author.</subfield>
        </datafield>
        <datafield tag="245" ind1="1" ind2="4">
            <subfield code="a">The adventures of Tom Sawyer /</subfield>
            <subfield code="c">Saviour Pirotta ; illustrated by Vince Reid ; retold from the story by Mark Twain.</subfield>
        </datafield>
        <datafield tag="263" ind1=" " ind2=" ">
            <subfield code="a">201808</subfield>
        </datafield>
        <datafield tag="264" ind1=" " ind2="1">
            <subfield code="a">London :</subfield>
            <subfield code="b">Arcturus,</subfield>
            <subfield code="c">2018.</subfield>
        </datafield>
        <datafield tag="300" ind1=" " ind2=" ">
            <subfield code="a">1 volume :</subfield>
            <subfield code="b">illustrations ;</subfield>
            <subfield code="c">20 cm</subfield>
        </datafield>
        <datafield tag="336" ind1=" " ind2=" ">
            <subfield code="a">still image</subfield>
            <subfield code="2">rdacontent</subfield>
        </datafield>
        <datafield tag="336" ind1=" " ind2=" ">
            <subfield code="a">text</subfield>
            <subfield code="2">rdacontent</subfield>
        </datafield>
        <datafield tag="337" ind1=" " ind2=" ">
            <subfield code="a">unmediated</subfield>
            <subfield code="2">rdamedia</subfield>
        </datafield>
        <datafield tag="338" ind1=" " ind2=" ">
            <subfield code="a">volume</subfield>
            <subfield code="2">rdacarrier</subfield>
        </datafield>
        <datafield tag="521" ind1="1" ind2=" ">
            <subfield code="a">6+.</subfield>
        </datafield>
        <datafield tag="600" ind1="1" ind2="0">
            <subfield code="a">Sawyer, Tom</subfield>
            <subfield code="c">(Fictitious character)</subfield>
            <subfield code="v">Juvenile fiction.</subfield>
        </datafield>
        <datafield tag="700" ind1="1" ind2=" ">
            <subfield code="a">Twain, Mark,</subfield>
            <subfield code="d">1835-1910.</subfield>
            <subfield code="t">Tom Sawyer.</subfield>
        </datafield>
        <datafield tag="700" ind1="1" ind2="0">
            <subfield code="a">Reid, Vince,</subfield>
            <subfield code="e">illustrator.</subfield>
        </datafield>
    </record>