
    <record>
        <leader>01142aam a22003611i 4500</leader>
        <controlfield tag="001">018576444</controlfield>
        <controlfield tag="003">Uk</controlfield>
        <controlfield tag="005">20190208204203.0</controlfield>
        <controlfield tag="006">m    ||  d |      </controlfield>
        <controlfield tag="007">cr |||||||||||</controlfield>
        <controlfield tag="008">171027s2012    xxk||||jo    |||| ||eng  </controlfield>
        <datafield tag="020" ind1=" " ind2=" ">
            <subfield code="a">1448155215</subfield>
            <subfield code="q">EPUB</subfield>
        </datafield>
        <datafield tag="020" ind1=" " ind2=" ">
            <subfield code="a">9781448155217</subfield>
            <subfield code="q">EPUB</subfield>
        </datafield>
        <datafield tag="037" ind1=" " ind2=" ">
            <subfield code="a">TheRandomHouseGroup198412</subfield>
            <subfield code="b">Ingram Content Group</subfield>
        </datafield>
        <datafield tag="082" ind1="0" ind2="4">
            <subfield code="a">813.4</subfield>
            <subfield code="2">23</subfield>
        </datafield>
        <datafield tag="100" ind1="1" ind2=" ">
            <subfield code="a">Twain, Mark,</subfield>
            <subfield code="d">1835-1910.</subfield>
        </datafield>
        <datafield tag="245" ind1="1" ind2="4">
            <subfield code="a">The adventures of Huckleberry Finn /</subfield>
            <subfield code="c">Mark Twain.</subfield>
        </datafield>
        <datafield tag="264" ind1=" " ind2="1">
            <subfield code="a">London :</subfield>
            <subfield code="b">Vintage Digital,</subfield>
            <subfield code="c">2012.</subfield>
        </datafield>
        <datafield tag="300" ind1=" " ind2=" ">
            <subfield code="a">1 online resource (512 pages).</subfield>
        </datafield>
        <datafield tag="336" ind1=" " ind2=" ">
            <subfield code="a">text</subfield>
            <subfield code="2">rdacontent</subfield>
        </datafield>
        <datafield tag="337" ind1=" " ind2=" ">
            <subfield code="a">computer</subfield>
            <subfield code="2">rdamedia</subfield>
        </datafield>
        <datafield tag="338" ind1=" " ind2=" ">
            <subfield code="a">online resource</subfield>
            <subfield code="2">rdacarrier</subfield>
        </datafield>
        <datafield tag="490" ind1="0" ind2=" ">
            <subfield code="a">Vintage classics</subfield>
        </datafield>
    </record>