
    <record>
        <leader>01206pam a22003491i 4500</leader>
        <controlfield tag="001">018545328</controlfield>
        <controlfield tag="003">Uk</controlfield>
        <controlfield tag="005">20171020024341.0</controlfield>
        <controlfield tag="006">m    ||  d |      </controlfield>
        <controlfield tag="007">cr |||||||||||</controlfield>
        <controlfield tag="008">170929s2017    ctua    o     000|0|eng d</controlfield>
        <datafield tag="020" ind1=" " ind2=" ">
            <subfield code="a">9781493029518 (ebook) :</subfield>
            <subfield code="c">£10.95</subfield>
        </datafield>
        <datafield tag="020" ind1=" " ind2=" ">
            <subfield code="z">9781493029501 (hbk.) :</subfield>
            <subfield code="c">£10.95</subfield>
        </datafield>
        <datafield tag="037" ind1=" " ind2=" ">
            <subfield code="a">9781493029518</subfield>
            <subfield code="b">Ingram Content Group</subfield>
        </datafield>
        <datafield tag="082" ind1="0" ind2="4">
            <subfield code="a">818.409</subfield>
            <subfield code="2">23</subfield>
        </datafield>
        <datafield tag="100" ind1="1" ind2=" ">
            <subfield code="a">Twain, Mark,</subfield>
            <subfield code="d">1835-1910,</subfield>
            <subfield code="e">author.</subfield>
        </datafield>
        <datafield tag="245" ind1="1" ind2="0">
            <subfield code="a">Mark Twain :</subfield>
            <subfield code="b">his words, wit, and wisdom /</subfield>
            <subfield code="c">Gary Bloomfield and Michael Richards.</subfield>
        </datafield>
        <datafield tag="264" ind1=" " ind2="1">
            <subfield code="a">Guilford :</subfield>
            <subfield code="b">Lyons Press,</subfield>
            <subfield code="c">2017.</subfield>
        </datafield>
        <datafield tag="300" ind1=" " ind2=" ">
            <subfield code="a">1 online resource :</subfield>
            <subfield code="b">illustrations (black and white).</subfield>
        </datafield>
        <datafield tag="336" ind1=" " ind2=" ">
            <subfield code="a">still image</subfield>
            <subfield code="2">rdacontent</subfield>
        </datafield>
        <datafield tag="336" ind1=" " ind2=" ">
            <subfield code="a">text</subfield>
            <subfield code="2">rdacontent</subfield>
        </datafield>
        <datafield tag="337" ind1=" " ind2=" ">
            <subfield code="a">computer</subfield>
            <subfield code="2">rdamedia</subfield>
        </datafield>
        <datafield tag="338" ind1=" " ind2=" ">
            <subfield code="a">online resource</subfield>
            <subfield code="2">rdacarrier</subfield>
        </datafield>
        <datafield tag="588" ind1=" " ind2=" ">
            <subfield code="a">Description based on CIP data; resource not viewed.</subfield>
        </datafield>
        <datafield tag="600" ind1="1" ind2="0">
            <subfield code="a">Twain, Mark,</subfield>
            <subfield code="d">1835-1910</subfield>
            <subfield code="v">Quotations.</subfield>
        </datafield>
        <datafield tag="700" ind1="1" ind2=" ">
            <subfield code="a">Bloomfield, Gary L.,</subfield>
            <subfield code="e">compiler.</subfield>
        </datafield>
        <datafield tag="700" ind1="1" ind2=" ">
            <subfield code="a">Richards, Michael,</subfield>
            <subfield code="d">1944 June 5-</subfield>
            <subfield code="e">compiler.</subfield>
        </datafield>
        <datafield tag="776" ind1="0" ind2="8">
            <subfield code="i">Print version :</subfield>
            <subfield code="z">9781493029501</subfield>
        </datafield>
    </record>