
    <record>
        <leader>02051aam a22005531a 4500</leader>
        <controlfield tag="001">018522472</controlfield>
        <controlfield tag="003">Uk</controlfield>
        <controlfield tag="005">20170922024915.0</controlfield>
        <controlfield tag="006">m    ||  d |      </controlfield>
        <controlfield tag="007">cr |||||||||||</controlfield>
        <controlfield tag="008">110124s2004    enka    ob    000 1 eng d</controlfield>
        <datafield tag="020" ind1=" " ind2=" ">
            <subfield code="a">0141920335</subfield>
            <subfield code="q">(electronic bk.)</subfield>
        </datafield>
        <datafield tag="020" ind1=" " ind2=" ">
            <subfield code="a">9780141920337</subfield>
            <subfield code="q">(electronic bk.)</subfield>
        </datafield>
        <datafield tag="020" ind1=" " ind2=" ">
            <subfield code="z">0140430407</subfield>
        </datafield>
        <datafield tag="020" ind1=" " ind2=" ">
            <subfield code="z">9780140430400</subfield>
        </datafield>
        <datafield tag="037" ind1=" " ind2=" ">
            <subfield code="a">PenguinGroup192335</subfield>
            <subfield code="b">Ingram Content Group</subfield>
        </datafield>
        <datafield tag="082" ind1="0" ind2="4">
            <subfield code="a">813.4</subfield>
            <subfield code="2">22</subfield>
        </datafield>
        <datafield tag="100" ind1="1" ind2=" ">
            <subfield code="a">Twain, Mark,</subfield>
            <subfield code="d">1835-1910.</subfield>
        </datafield>
        <datafield tag="245" ind1="1" ind2="0">
            <subfield code="a">Pudd'nhead Wilson ;</subfield>
            <subfield code="b">and, Those extraordinary twins /</subfield>
            <subfield code="c">Mark Twain ; edited with an introduction and notes by Malcolm Bradbury.</subfield>
        </datafield>
        <datafield tag="260" ind1=" " ind2=" ">
            <subfield code="a">London, England :</subfield>
            <subfield code="b">Penguin,</subfield>
            <subfield code="c">2004.</subfield>
        </datafield>
        <datafield tag="300" ind1=" " ind2=" ">
            <subfield code="a">1 online resource (324 pages) :</subfield>
            <subfield code="b">illustrations.</subfield>
        </datafield>
        <datafield tag="336" ind1=" " ind2=" ">
            <subfield code="a">text</subfield>
            <subfield code="2">rdacontent</subfield>
        </datafield>
        <datafield tag="337" ind1=" " ind2=" ">
            <subfield code="a">computer</subfield>
            <subfield code="2">rdamedia</subfield>
        </datafield>
        <datafield tag="338" ind1=" " ind2=" ">
            <subfield code="a">online resource</subfield>
            <subfield code="2">rdacarrier</subfield>
        </datafield>
        <datafield tag="490" ind1="1" ind2=" ">
            <subfield code="a">Penguin classics</subfield>
        </datafield>
        <datafield tag="500" ind1=" " ind2=" ">
            <subfield code="a">"Reprinted with a new Chronology and Further Reading 2004"--Title page verso.</subfield>
        </datafield>
        <datafield tag="504" ind1=" " ind2=" ">
            <subfield code="a">Includes bibliographical references (pages 45-49).</subfield>
        </datafield>
        <datafield tag="588" ind1="0" ind2=" ">
            <subfield code="a">Print version record.</subfield>
        </datafield>
        <datafield tag="700" ind1="1" ind2=" ">
            <subfield code="a">Bradbury, Malcolm,</subfield>
            <subfield code="d">1932-2000.</subfield>
        </datafield>
        <datafield tag="740" ind1="0" ind2="2">
            <subfield code="a">Those extraordinary twins.</subfield>
        </datafield>
        <datafield tag="830" ind1=" " ind2="0">
            <subfield code="a">Penguin classics.</subfield>
        </datafield>
    </record>