
    <record>
        <leader>00819nam a22002658i 4500</leader>
        <controlfield tag="001">018462398</controlfield>
        <controlfield tag="003">Uk</controlfield>
        <controlfield tag="005">20170808170200.0</controlfield>
        <controlfield tag="008">170731s2017    nyu    j      000|f|eng|d</controlfield>
        <datafield tag="016" ind1="7" ind2=" ">
            <subfield code="a">018462398</subfield>
            <subfield code="2">Uk</subfield>
        </datafield>
        <datafield tag="020" ind1=" " ind2=" ">
            <subfield code="a">9780425289037 (pbk.) :</subfield>
            <subfield code="c">£7.99</subfield>
        </datafield>
        <datafield tag="082" ind1="0" ind2="4">
            <subfield code="a">813.4</subfield>
            <subfield code="2">23</subfield>
        </datafield>
        <datafield tag="100" ind1="1" ind2=" ">
            <subfield code="a">Twain, Mark,</subfield>
            <subfield code="d">1835-1910,</subfield>
            <subfield code="e">author.</subfield>
        </datafield>
        <datafield tag="245" ind1="1" ind2="4">
            <subfield code="a">The adventures of Tom Sawyer /</subfield>
            <subfield code="c">Mark Twain.</subfield>
        </datafield>
        <datafield tag="263" ind1=" " ind2=" ">
            <subfield code="a">201706</subfield>
        </datafield>
        <datafield tag="264" ind1=" " ind2="1">
            <subfield code="a">New York :</subfield>
            <subfield code="b">Puffin Books,</subfield>
            <subfield code="c">2017.</subfield>
        </datafield>
        <datafield tag="300" ind1=" " ind2=" ">
            <subfield code="a">1 volume ;</subfield>
            <subfield code="c">18 cm</subfield>
        </datafield>
        <datafield tag="336" ind1=" " ind2=" ">
            <subfield code="a">text</subfield>
            <subfield code="2">rdacontent</subfield>
        </datafield>
        <datafield tag="337" ind1=" " ind2=" ">
            <subfield code="a">unmediated</subfield>
            <subfield code="2">rdamedia</subfield>
        </datafield>
        <datafield tag="338" ind1=" " ind2=" ">
            <subfield code="a">volume</subfield>
            <subfield code="2">rdacarrier</subfield>
        </datafield>
        <datafield tag="600" ind1="1" ind2="0">
            <subfield code="a">Sawyer, Tom</subfield>
            <subfield code="c">(Fictitious character)</subfield>
            <subfield code="v">Juvenile fiction.</subfield>
        </datafield>
    </record>