
    <record>
        <leader>01482pam a22004331i 4500</leader>
        <controlfield tag="001">018289944</controlfield>
        <controlfield tag="003">Uk</controlfield>
        <controlfield tag="005">20170805021033.0</controlfield>
        <controlfield tag="006">m    ||  d |      </controlfield>
        <controlfield tag="007">cr |||||||||||</controlfield>
        <controlfield tag="008">170215s2017    enk     o     000|f|eng|d</controlfield>
        <datafield tag="020" ind1=" " ind2=" ">
            <subfield code="a">9781787199811 (ePub ebook) :</subfield>
            <subfield code="c">£4.99</subfield>
        </datafield>
        <datafield tag="020" ind1=" " ind2=" ">
            <subfield code="z">9781787199828 (pbk.) :</subfield>
            <subfield code="c">£8.99</subfield>
        </datafield>
        <datafield tag="037" ind1=" " ind2=" ">
            <subfield code="a">9781787199811</subfield>
            <subfield code="b">Legend Press</subfield>
        </datafield>
        <datafield tag="082" ind1="0" ind2="4">
            <subfield code="a">813.4</subfield>
            <subfield code="2">23</subfield>
        </datafield>
        <datafield tag="100" ind1="1" ind2=" ">
            <subfield code="a">Twain, Mark,</subfield>
            <subfield code="d">1835-1910,</subfield>
            <subfield code="e">author.</subfield>
        </datafield>
        <datafield tag="245" ind1="1" ind2="4">
            <subfield code="a">The adventures of Huckleberry Finn /</subfield>
            <subfield code="c">Mark Twain.</subfield>
        </datafield>
        <datafield tag="264" ind1=" " ind2="1">
            <subfield code="a">London :</subfield>
            <subfield code="b">Legend Press,</subfield>
            <subfield code="c">2017.</subfield>
        </datafield>
        <datafield tag="300" ind1=" " ind2=" ">
            <subfield code="a">1 online resource.</subfield>
        </datafield>
        <datafield tag="336" ind1=" " ind2=" ">
            <subfield code="a">text</subfield>
            <subfield code="2">rdacontent</subfield>
        </datafield>
        <datafield tag="337" ind1=" " ind2=" ">
            <subfield code="a">computer</subfield>
            <subfield code="2">rdamedia</subfield>
        </datafield>
        <datafield tag="338" ind1=" " ind2=" ">
            <subfield code="a">online resource</subfield>
            <subfield code="2">rdacarrier</subfield>
        </datafield>
        <datafield tag="490" ind1="0" ind2=" ">
            <subfield code="a">Legend classics</subfield>
        </datafield>
        <datafield tag="588" ind1=" " ind2=" ">
            <subfield code="a">Description based on CIP data; item not viewed.</subfield>
        </datafield>
        <datafield tag="600" ind1="1" ind2="0">
            <subfield code="a">Finn, Huckleberry</subfield>
            <subfield code="c">(Fictitious character)</subfield>
            <subfield code="v">Fiction.</subfield>
        </datafield>
        <datafield tag="776" ind1="0" ind2="8">
            <subfield code="i">Print version :</subfield>
            <subfield code="z">9781787199828</subfield>
        </datafield>
    </record>