
    <record>
        <leader>01108pam a2200325 i 4500</leader>
        <controlfield tag="001">017936729</controlfield>
        <controlfield tag="003">Uk</controlfield>
        <controlfield tag="005">20180703180036.0</controlfield>
        <controlfield tag="008">160714s2016    enk    j     |0|0 1|eng  </controlfield>
        <datafield tag="016" ind1="7" ind2=" ">
            <subfield code="a">017936729</subfield>
            <subfield code="2">Uk</subfield>
        </datafield>
        <datafield tag="020" ind1=" " ind2=" ">
            <subfield code="a">9781782701828</subfield>
            <subfield code="q">hardback :</subfield>
            <subfield code="c">£9.99</subfield>
        </datafield>
        <datafield tag="082" ind1="0" ind2="4">
            <subfield code="a">813.4</subfield>
            <subfield code="2">23</subfield>
        </datafield>
        <datafield tag="100" ind1="1" ind2=" ">
            <subfield code="a">Twain, Mark,</subfield>
            <subfield code="d">1835-1910,</subfield>
            <subfield code="e">author.</subfield>
        </datafield>
        <datafield tag="245" ind1="1" ind2="0">
            <subfield code="a">Adventures of Huckleberry Finn :</subfield>
            <subfield code="b">(Tom Sawyer's comrade) /</subfield>
            <subfield code="c">Mark Twain.</subfield>
        </datafield>
        <datafield tag="264" ind1=" " ind2="1">
            <subfield code="a">Worksop, Nottinghamshire :</subfield>
            <subfield code="b">Award Publications Limited,</subfield>
            <subfield code="c">2016.</subfield>
        </datafield>
        <datafield tag="300" ind1=" " ind2=" ">
            <subfield code="a">377 pages ;</subfield>
            <subfield code="c">21 cm.</subfield>
        </datafield>
        <datafield tag="336" ind1=" " ind2=" ">
            <subfield code="a">text</subfield>
            <subfield code="2">rdacontent</subfield>
        </datafield>
        <datafield tag="337" ind1=" " ind2=" ">
            <subfield code="a">unmediated</subfield>
            <subfield code="2">rdamedia</subfield>
        </datafield>
        <datafield tag="338" ind1=" " ind2=" ">
            <subfield code="a">volume</subfield>
            <subfield code="2">rdacarrier</subfield>
        </datafield>
        <datafield tag="490" ind1="0" ind2=" ">
            <subfield code="a">Award essential classics</subfield>
        </datafield>
        <datafield tag="500" ind1=" " ind2=" ">
            <subfield code="a">Formerly CIP.</subfield>
            <subfield code="5">Uk</subfield>
        </datafield>
        <datafield tag="600" ind1="1" ind2="0">
            <subfield code="a">Finn, Huckleberry</subfield>
            <subfield code="c">(Fictitious character)</subfield>
            <subfield code="v">Juvenile fiction.</subfield>
        </datafield>
    </record>