
    <record>
        <leader>01355pam a2200361 i 4500</leader>
        <controlfield tag="001">017796468</controlfield>
        <controlfield tag="003">Uk</controlfield>
        <controlfield tag="005">20180703175937.0</controlfield>
        <controlfield tag="008">160404s2016    enka   j 6   |0|0 1|eng  </controlfield>
        <datafield tag="016" ind1="7" ind2=" ">
            <subfield code="a">017796468</subfield>
            <subfield code="2">Uk</subfield>
        </datafield>
        <datafield tag="020" ind1=" " ind2=" ">
            <subfield code="a">9781910619872 :</subfield>
            <subfield code="c">£8.99</subfield>
        </datafield>
        <datafield tag="082" ind1="0" ind2="4">
            <subfield code="a">741.5973</subfield>
            <subfield code="2">23</subfield>
        </datafield>
        <datafield tag="245" ind1="0" ind2="4">
            <subfield code="a">The adventures of Huckleberry Finn /</subfield>
            <subfield code="c">by Mark Twain ; illustrated by: Mike Sekowsky and Frank Giacoia ; adaptation: unknown ; additional material: Jon Brooks.</subfield>
        </datafield>
        <datafield tag="246" ind1="1" ind2="3">
            <subfield code="a">Classics illustrated presents The adventures of Huckleberry Finn</subfield>
        </datafield>
        <datafield tag="250" ind1=" " ind2=" ">
            <subfield code="a">First CCS Books edition.</subfield>
        </datafield>
        <datafield tag="264" ind1=" " ind2="1">
            <subfield code="a">Newbury, Berkshire :</subfield>
            <subfield code="b">CCS Books,</subfield>
            <subfield code="c">April 2016.</subfield>
        </datafield>
        <datafield tag="300" ind1=" " ind2=" ">
            <subfield code="a">51 pages :</subfield>
            <subfield code="b">chiefly illustrations (colour) ;</subfield>
            <subfield code="c">25 cm.</subfield>
        </datafield>
        <datafield tag="336" ind1=" " ind2=" ">
            <subfield code="a">still image</subfield>
            <subfield code="2">rdacontent</subfield>
        </datafield>
        <datafield tag="336" ind1=" " ind2=" ">
            <subfield code="a">text</subfield>
            <subfield code="2">rdacontent</subfield>
        </datafield>
        <datafield tag="337" ind1=" " ind2=" ">
            <subfield code="a">unmediated</subfield>
            <subfield code="2">rdamedia</subfield>
        </datafield>
        <datafield tag="338" ind1=" " ind2=" ">
            <subfield code="a">volume</subfield>
            <subfield code="2">rdacarrier</subfield>
        </datafield>
        <datafield tag="490" ind1="1" ind2=" ">
            <subfield code="a">Classics illustrated</subfield>
        </datafield>
        <datafield tag="500" ind1=" " ind2=" ">
            <subfield code="a">Formerly CIP.</subfield>
            <subfield code="5">Uk</subfield>
        </datafield>
        <datafield tag="700" ind1="1" ind2=" ">
            <subfield code="a">Brooks, Jon</subfield>
            <subfield code="c">(Editor),</subfield>
            <subfield code="e">contributor.</subfield>
        </datafield>
        <datafield tag="700" ind1="1" ind2=" ">
            <subfield code="a">Giacoia, Frank,</subfield>
            <subfield code="e">artist.</subfield>
        </datafield>
        <datafield tag="700" ind1="1" ind2=" ">
            <subfield code="a">Sekowsky, Mike,</subfield>
            <subfield code="e">artist.</subfield>
        </datafield>
        <datafield tag="700" ind1="1" ind2=" ">
            <subfield code="a">Twain, Mark,</subfield>
            <subfield code="d">1835-1910.</subfield>
            <subfield code="t">Adventures of Huckleberry Finn.</subfield>
        </datafield>
        <datafield tag="830" ind1=" " ind2="0">
            <subfield code="a">Classics illustrated (Newbury, England)</subfield>
        </datafield>
    </record>