
    <record>
        <leader>00895pam a2200277 i 4500</leader>
        <controlfield tag="001">017577771</controlfield>
        <controlfield tag="003">Uk</controlfield>
        <controlfield tag="005">20170427163436.0</controlfield>
        <controlfield tag="008">151006s2015    moua          000|0|eng d</controlfield>
        <datafield tag="016" ind1="7" ind2=" ">
            <subfield code="a">017577771</subfield>
            <subfield code="2">Uk</subfield>
        </datafield>
        <datafield tag="020" ind1=" " ind2=" ">
            <subfield code="a">9781617453243 (paperback) :</subfield>
            <subfield code="c">£16.99</subfield>
        </datafield>
        <datafield tag="082" ind1="0" ind2="4">
            <subfield code="a">746.46</subfield>
            <subfield code="2">23</subfield>
        </datafield>
        <datafield tag="100" ind1="1" ind2=" ">
            <subfield code="a">McCourt, Christina,</subfield>
            <subfield code="e">author.</subfield>
        </datafield>
        <datafield tag="245" ind1="1" ind2="0">
            <subfield code="a">Tom and Becky's sampler quilt :</subfield>
            <subfield code="b">11 projects inspired by Mark Twain /</subfield>
            <subfield code="c">by Christina McCourt.</subfield>
        </datafield>
        <datafield tag="264" ind1=" " ind2="1">
            <subfield code="a">Kansas City :</subfield>
            <subfield code="b">Kansas City Star Quilts,</subfield>
            <subfield code="c">[2015]</subfield>
        </datafield>
        <datafield tag="300" ind1=" " ind2=" ">
            <subfield code="a">79 pages :</subfield>
            <subfield code="b">illustrations (colour) ;</subfield>
            <subfield code="c">28 cm</subfield>
        </datafield>
        <datafield tag="336" ind1=" " ind2=" ">
            <subfield code="a">still image</subfield>
            <subfield code="2">rdacontent</subfield>
        </datafield>
        <datafield tag="336" ind1=" " ind2=" ">
            <subfield code="a">text</subfield>
            <subfield code="2">rdacontent</subfield>
        </datafield>
        <datafield tag="337" ind1=" " ind2=" ">
            <subfield code="a">unmediated</subfield>
            <subfield code="2">rdamedia</subfield>
        </datafield>
        <datafield tag="338" ind1=" " ind2=" ">
            <subfield code="a">volume</subfield>
            <subfield code="2">rdacarrier</subfield>
        </datafield>
        <datafield tag="500" ind1=" " ind2=" ">
            <subfield code="a">Formerly CIP.</subfield>
            <subfield code="5">Uk</subfield>
        </datafield>
        <datafield tag="700" ind1="1" ind2=" ">
            <subfield code="a">Twain, Mark,</subfield>
            <subfield code="d">1835-1910.</subfield>
        </datafield>
    </record>