
    <record>
        <leader>00950nam a22003018i 4500</leader>
        <controlfield tag="001">017002788</controlfield>
        <controlfield tag="003">Uk</controlfield>
        <controlfield tag="005">20161123175200.0</controlfield>
        <controlfield tag="006">m||||||||d||||||||</controlfield>
        <controlfield tag="007">cr |||||||||||</controlfield>
        <controlfield tag="008">141119s2015    enk     o|    000|0|eng|d</controlfield>
        <datafield tag="020" ind1=" " ind2=" ">
            <subfield code="a">9781780944401 (ebook) :</subfield>
            <subfield code="c">No price</subfield>
        </datafield>
        <datafield tag="020" ind1=" " ind2=" ">
            <subfield code="z">9781843916260 (pbk.) :</subfield>
            <subfield code="c">£7.99</subfield>
        </datafield>
        <datafield tag="082" ind1="0" ind2="4">
            <subfield code="a">917.8042</subfield>
            <subfield code="2">23</subfield>
        </datafield>
        <datafield tag="100" ind1="1" ind2=" ">
            <subfield code="a">Twain, Mark,</subfield>
            <subfield code="d">1835-1910,</subfield>
            <subfield code="e">author.</subfield>
        </datafield>
        <datafield tag="245" ind1="1" ind2="0">
            <subfield code="a">On the wild west /</subfield>
            <subfield code="c">Mark Twain.</subfield>
        </datafield>
        <datafield tag="263" ind1=" " ind2=" ">
            <subfield code="a">201503</subfield>
        </datafield>
        <datafield tag="264" ind1=" " ind2="1">
            <subfield code="a">London :</subfield>
            <subfield code="b">Hesperus Classics,</subfield>
            <subfield code="c">2015.</subfield>
        </datafield>
        <datafield tag="300" ind1=" " ind2=" ">
            <subfield code="a">1 online resource</subfield>
        </datafield>
        <datafield tag="336" ind1=" " ind2=" ">
            <subfield code="a">text</subfield>
            <subfield code="2">rdacontent</subfield>
        </datafield>
        <datafield tag="337" ind1=" " ind2=" ">
            <subfield code="a">computer</subfield>
            <subfield code="2">rdamedia</subfield>
        </datafield>
        <datafield tag="338" ind1=" " ind2=" ">
            <subfield code="a">online resource</subfield>
            <subfield code="2">rdacarrier</subfield>
        </datafield>
        <datafield tag="588" ind1=" " ind2=" ">
            <subfield code="a">Description based on CIP data; item not viewed.</subfield>
        </datafield>
        <datafield tag="600" ind1="1" ind2="0">
            <subfield code="a">Twain, Mark,</subfield>
            <subfield code="d">1835-1910</subfield>
            <subfield code="x">Travel</subfield>
            <subfield code="z">West (U.S.)</subfield>
        </datafield>
        <datafield tag="776" ind1="0" ind2="8">
            <subfield code="i">Print version:</subfield>
            <subfield code="z">9781843916260</subfield>
        </datafield>
    </record>