
    <record>
        <leader>00828nam a22002658i 4500</leader>
        <controlfield tag="001">016991961</controlfield>
        <controlfield tag="003">Uk</controlfield>
        <controlfield tag="005">20161123175200.0</controlfield>
        <controlfield tag="006">m||||||||d||||||||</controlfield>
        <controlfield tag="007">cr |||||||||||</controlfield>
        <controlfield tag="008">141217s2014    enk     o|    000|j|eng|d</controlfield>
        <datafield tag="020" ind1=" " ind2=" ">
            <subfield code="a">9781848705944 (ePub ebook) :</subfield>
            <subfield code="c">£1.49</subfield>
        </datafield>
        <datafield tag="082" ind1="0" ind2="4">
            <subfield code="a">813.4</subfield>
            <subfield code="2">23</subfield>
        </datafield>
        <datafield tag="100" ind1="1" ind2=" ">
            <subfield code="a">Twain, Mark,</subfield>
            <subfield code="d">1835-1910,</subfield>
            <subfield code="e">author.</subfield>
        </datafield>
        <datafield tag="245" ind1="1" ind2="4">
            <subfield code="a">The man that corrupted Hadleyburg and other stories /</subfield>
            <subfield code="c">Mark Twain.</subfield>
        </datafield>
        <datafield tag="263" ind1=" " ind2=" ">
            <subfield code="a">201412</subfield>
        </datafield>
        <datafield tag="264" ind1=" " ind2="1">
            <subfield code="a">Ware :</subfield>
            <subfield code="b">Wordsworth Editions,</subfield>
            <subfield code="c">2014.</subfield>
        </datafield>
        <datafield tag="300" ind1=" " ind2=" ">
            <subfield code="a">1 online resource</subfield>
        </datafield>
        <datafield tag="336" ind1=" " ind2=" ">
            <subfield code="a">text</subfield>
            <subfield code="2">rdacontent</subfield>
        </datafield>
        <datafield tag="337" ind1=" " ind2=" ">
            <subfield code="a">computer</subfield>
            <subfield code="2">rdamedia</subfield>
        </datafield>
        <datafield tag="338" ind1=" " ind2=" ">
            <subfield code="a">online resource</subfield>
            <subfield code="2">rdacarrier</subfield>
        </datafield>
        <datafield tag="588" ind1=" " ind2=" ">
            <subfield code="a">Description based on CIP data; resource not viewed.</subfield>
        </datafield>
        <datafield tag="776" ind1="0" ind2="8">
            <subfield code="i">Print version:</subfield>
            <subfield code="z">9781847494030</subfield>
        </datafield>
    </record>