
    <record>
        <leader>02488aam a2200421 i 4500</leader>
        <controlfield tag="001">016931472</controlfield>
        <controlfield tag="003">Uk</controlfield>
        <controlfield tag="005">20141218212856.0</controlfield>
        <controlfield tag="008">140522s2014    cau      b   s000 0 eng  </controlfield>
        <datafield tag="010" ind1=" " ind2=" ">
            <subfield code="a">2014008634  </subfield>
        </datafield>
        <datafield tag="016" ind1="7" ind2=" ">
            <subfield code="a">016931472</subfield>
            <subfield code="2">Uk</subfield>
        </datafield>
        <datafield tag="020" ind1=" " ind2=" ">
            <subfield code="a">9780520280731 (hbk.) :</subfield>
            <subfield code="c">£17.95</subfield>
        </datafield>
        <datafield tag="020" ind1=" " ind2=" ">
            <subfield code="z">9780520959637 (ebook)</subfield>
        </datafield>
        <datafield tag="043" ind1=" " ind2=" ">
            <subfield code="a">n-us---</subfield>
        </datafield>
        <datafield tag="082" ind1="0" ind2="0">
            <subfield code="a">818.409</subfield>
            <subfield code="2">23</subfield>
        </datafield>
        <datafield tag="100" ind1="1" ind2=" ">
            <subfield code="a">Twain, Mark,</subfield>
            <subfield code="d">1835-1910.</subfield>
        </datafield>
        <datafield tag="240" ind1="1" ind2="0">
            <subfield code="a">Works.</subfield>
            <subfield code="k">Selections</subfield>
        </datafield>
        <datafield tag="245" ind1="1" ind2="2">
            <subfield code="a">A family sketch and other private writings /</subfield>
            <subfield code="c">by Mark Twain, Livy Clemens, Susy Clemens ; edited by Benjamin Griffin of the Mark Twain Project.</subfield>
        </datafield>
        <datafield tag="264" ind1=" " ind2="1">
            <subfield code="a">Oakland, California :</subfield>
            <subfield code="b">University of California Press,</subfield>
            <subfield code="c">[2014]</subfield>
        </datafield>
        <datafield tag="300" ind1=" " ind2=" ">
            <subfield code="a">190 pages ;</subfield>
            <subfield code="c">21 cm.</subfield>
        </datafield>
        <datafield tag="336" ind1=" " ind2=" ">
            <subfield code="a">text</subfield>
            <subfield code="2">rdacontent</subfield>
        </datafield>
        <datafield tag="337" ind1=" " ind2=" ">
            <subfield code="a">unmediated</subfield>
            <subfield code="2">rdamedia</subfield>
        </datafield>
        <datafield tag="338" ind1=" " ind2=" ">
            <subfield code="a">volume</subfield>
            <subfield code="2">rdacarrier</subfield>
        </datafield>
        <datafield tag="490" ind1="0" ind2=" ">
            <subfield code="a">Jumping frogs: undiscovered, rediscovered, and celebrated writings of Mark Twain ;</subfield>
            <subfield code="v">5</subfield>
        </datafield>
        <datafield tag="500" ind1=" " ind2=" ">
            <subfield code="a">Formerly CIP.</subfield>
            <subfield code="5">Uk</subfield>
        </datafield>
        <datafield tag="504" ind1=" " ind2=" ">
            <subfield code="a">Includes bibliographical references (pages 187-188).</subfield>
        </datafield>
        <datafield tag="520" ind1=" " ind2=" ">
            <subfield code="a">"This book publishes, for the first time in full, the two most revealing of Mark Twain's private writings. Here he turns his mind to the daily life he shared with his wife Livy, their three daughters, a great many servants, and an imposing array of pets. These first-hand accounts display this gifted and loving family in the period of its flourishing. Mark Twain began to write "A Family Sketch" in response to the early death of his eldest daughter Susy, but the manuscript grew under his hands to become an exuberant account of the entire household. His record of the childrens' sayings--"Small Foolishnesses"--is next, followed by the related manuscript "At the Farm." Also included are selections from Livy's 1885 diary, and an authoritative edition of Susy's biography of her father, written when she was a teenager. Newly edited from the original manuscripts, this anthology is a unique record of a fascinating family"--</subfield>
            <subfield code="c">Provided by publisher.</subfield>
        </datafield>
        <datafield tag="600" ind1="1" ind2="0">
            <subfield code="a">Twain, Mark,</subfield>
            <subfield code="d">1835-1910</subfield>
            <subfield code="x">Family.</subfield>
        </datafield>
        <datafield tag="700" ind1="1" ind2=" ">
            <subfield code="a">Clemens, Olivia Langdon,</subfield>
            <subfield code="d">1845-1904.</subfield>
        </datafield>
        <datafield tag="700" ind1="1" ind2=" ">
            <subfield code="a">Clemens, Susy,</subfield>
            <subfield code="d">1872-1896.</subfield>
        </datafield>
        <datafield tag="700" ind1="1" ind2=" ">
            <subfield code="a">Griffin, Benjamin,</subfield>
            <subfield code="d">1968-</subfield>
            <subfield code="e">editor.</subfield>
        </datafield>
    </record>