
    <record>
        <leader>01616pam a2200409 i 4500</leader>
        <controlfield tag="001">016734038</controlfield>
        <controlfield tag="003">Uk</controlfield>
        <controlfield tag="005">20160920155830.0</controlfield>
        <controlfield tag="008">140429s2014    enka   j      000 f eng|d</controlfield>
        <datafield tag="016" ind1="7" ind2=" ">
            <subfield code="a">016734038</subfield>
            <subfield code="2">Uk</subfield>
        </datafield>
        <datafield tag="020" ind1=" " ind2=" ">
            <subfield code="a">9781781717837 (set) :</subfield>
            <subfield code="c">£19.99</subfield>
        </datafield>
        <datafield tag="082" ind1="0" ind2="4">
            <subfield code="a">823.92</subfield>
            <subfield code="2">23</subfield>
        </datafield>
        <datafield tag="245" ind1="0" ind2="0">
            <subfield code="a">Classic collection /</subfield>
            <subfield code="c">adapted by Saviour Pirotta, Ronne Randall.</subfield>
        </datafield>
        <datafield tag="264" ind1=" " ind2="1">
            <subfield code="a">London :</subfield>
            <subfield code="b">QED Publishing,</subfield>
            <subfield code="c">2014.</subfield>
        </datafield>
        <datafield tag="300" ind1=" " ind2=" ">
            <subfield code="a">5 volumes :</subfield>
            <subfield code="b">illustrations (colour) ;</subfield>
            <subfield code="c">23 cm</subfield>
        </datafield>
        <datafield tag="336" ind1=" " ind2=" ">
            <subfield code="a">still image</subfield>
            <subfield code="2">rdacontent</subfield>
        </datafield>
        <datafield tag="336" ind1=" " ind2=" ">
            <subfield code="a">text</subfield>
            <subfield code="2">rdacontent</subfield>
        </datafield>
        <datafield tag="337" ind1=" " ind2=" ">
            <subfield code="a">unmediated</subfield>
            <subfield code="2">rdamedia</subfield>
        </datafield>
        <datafield tag="338" ind1=" " ind2=" ">
            <subfield code="a">volume</subfield>
            <subfield code="2">rdacarrier</subfield>
        </datafield>
        <datafield tag="500" ind1=" " ind2=" ">
            <subfield code="a">Formerly CIP.</subfield>
            <subfield code="5">Uk</subfield>
        </datafield>
        <datafield tag="500" ind1=" " ind2=" ">
            <subfield code="a">In slip-case.</subfield>
        </datafield>
        <datafield tag="505" ind1="0" ind2=" ">
            <subfield code="a">Gulliver's travels / Jonathan Swift -- Robin Hood -- The adventures of Tom Sawyer / Mark Twain -- The three musketeers / Alexandre Dumas -- Treasure Island / Robert Louis Stevenson.</subfield>
        </datafield>
        <datafield tag="700" ind1="1" ind2=" ">
            <subfield code="a">Aime, Luigi,</subfield>
            <subfield code="e">illustrator.</subfield>
        </datafield>
        <datafield tag="700" ind1="1" ind2=" ">
            <subfield code="a">Belli, Alfredo,</subfield>
            <subfield code="d">1962-</subfield>
            <subfield code="e">illustrator.</subfield>
        </datafield>
        <datafield tag="700" ind1="1" ind2=" ">
            <subfield code="a">Borrasé, Alvaro,</subfield>
            <subfield code="e">illustrator.</subfield>
        </datafield>
        <datafield tag="700" ind1="1" ind2=" ">
            <subfield code="a">Dumas, Alexandre,</subfield>
            <subfield code="d">1802-1870.</subfield>
            <subfield code="t">Trois mousquetaires.</subfield>
            <subfield code="l">English.</subfield>
        </datafield>
        <datafield tag="700" ind1="1" ind2=" ">
            <subfield code="a">Dunn, Robert</subfield>
            <subfield code="c">(Children's book illustrator),</subfield>
            <subfield code="e">illustrator.</subfield>
        </datafield>
        <datafield tag="700" ind1="1" ind2=" ">
            <subfield code="a">Pirotta, Saviour,</subfield>
            <subfield code="e">author.</subfield>
        </datafield>
        <datafield tag="700" ind1="1" ind2=" ">
            <subfield code="a">Randall, Ronne,</subfield>
            <subfield code="e">author.</subfield>
        </datafield>
        <datafield tag="700" ind1="1" ind2=" ">
            <subfield code="a">Stevenson, Robert Louis,</subfield>
            <subfield code="d">1850-1894.</subfield>
            <subfield code="t">Treasure Island.</subfield>
        </datafield>
        <datafield tag="700" ind1="1" ind2=" ">
            <subfield code="a">Swift, Jonathan,</subfield>
            <subfield code="d">1667-1745.</subfield>
            <subfield code="t">Gulliver's travels.</subfield>
        </datafield>
        <datafield tag="700" ind1="1" ind2=" ">
            <subfield code="a">Twain, Mark,</subfield>
            <subfield code="d">1835-1910.</subfield>
            <subfield code="t">Adventures of Tom Sawyer.</subfield>
        </datafield>
        <datafield tag="730" ind1="0" ind2=" ">
            <subfield code="a">Robin Hood (Legend)</subfield>
        </datafield>
    </record>