
    <record>
        <leader>01537pam a2200361 i 4500</leader>
        <controlfield tag="001">016609337</controlfield>
        <controlfield tag="003">Uk</controlfield>
        <controlfield tag="005">20180703175221.0</controlfield>
        <controlfield tag="008">140117s2014    enka   j     |0|0 1|eng  </controlfield>
        <datafield tag="016" ind1="7" ind2=" ">
            <subfield code="a">016609337</subfield>
            <subfield code="2">Uk</subfield>
        </datafield>
        <datafield tag="020" ind1=" " ind2=" ">
            <subfield code="a">9781782094661 (paperback) :</subfield>
            <subfield code="c">£5.99</subfield>
        </datafield>
        <datafield tag="082" ind1="0" ind2="4">
            <subfield code="a">823.00809282</subfield>
            <subfield code="2">23</subfield>
        </datafield>
        <datafield tag="245" ind1="0" ind2="0">
            <subfield code="a">Tom Sawyer at play, and other stories /</subfield>
            <subfield code="c">compiled by Tig Thomas.</subfield>
        </datafield>
        <datafield tag="264" ind1=" " ind2="1">
            <subfield code="a">Thaxted :</subfield>
            <subfield code="b">Miles Kelly,</subfield>
            <subfield code="c">2014.</subfield>
        </datafield>
        <datafield tag="300" ind1=" " ind2=" ">
            <subfield code="a">40 pages :</subfield>
            <subfield code="b">illustrations (colour) ;</subfield>
            <subfield code="c">28 cm</subfield>
        </datafield>
        <datafield tag="336" ind1=" " ind2=" ">
            <subfield code="a">text</subfield>
            <subfield code="2">rdacontent</subfield>
        </datafield>
        <datafield tag="337" ind1=" " ind2=" ">
            <subfield code="a">unmediated</subfield>
            <subfield code="2">rdamedia</subfield>
        </datafield>
        <datafield tag="338" ind1=" " ind2=" ">
            <subfield code="a">volume</subfield>
            <subfield code="2">rdacarrier</subfield>
        </datafield>
        <datafield tag="500" ind1=" " ind2=" ">
            <subfield code="a">Formerly CIP.</subfield>
            <subfield code="5">Uk</subfield>
        </datafield>
        <datafield tag="505" ind1="0" ind2=" ">
            <subfield code="a">Kikeri, an extract from What Katy did / by Susan Coolidge -- Playing at jungle book, an extract from The wouldbegoods by E. Nesbit -- Tom Sawyer at play, an extract from The adventures of Tom Sawyer / by Mark Twain -- The racketty-packetty house in trouble, an extract from The racketty-packetty house / by Frances Hodgson Burnett.</subfield>
        </datafield>
        <datafield tag="700" ind1="1" ind2=" ">
            <subfield code="a">Thomas, Tig,</subfield>
            <subfield code="e">compiler.</subfield>
        </datafield>
        <datafield tag="700" ind1="1" ind2="2">
            <subfield code="a">Burnett, Frances Hodgson,</subfield>
            <subfield code="d">1849-1924.</subfield>
            <subfield code="t">Racketty-packetty house.</subfield>
        </datafield>
        <datafield tag="700" ind1="1" ind2="2">
            <subfield code="a">Coolidge, Susan,</subfield>
            <subfield code="d">1835-1905.</subfield>
            <subfield code="t">What Katy did.</subfield>
        </datafield>
        <datafield tag="700" ind1="1" ind2="2">
            <subfield code="a">Nesbit, E.</subfield>
            <subfield code="q">(Edith),</subfield>
            <subfield code="d">1858-1924.</subfield>
            <subfield code="t">Wouldbegoods.</subfield>
        </datafield>
        <datafield tag="700" ind1="1" ind2="2">
            <subfield code="a">Twain, Mark,</subfield>
            <subfield code="d">1835-1910.</subfield>
            <subfield code="t">Adventures of Tom Sawyer.</subfield>
        </datafield>
        <datafield tag="740" ind1="0" ind2=" ">
            <subfield code="a">Kikeri.</subfield>
        </datafield>
        <datafield tag="740" ind1="0" ind2=" ">
            <subfield code="a">Playing at jungle book.</subfield>
        </datafield>
        <datafield tag="740" ind1="0" ind2=" ">
            <subfield code="a">Racketty-packetty house in trouble.</subfield>
        </datafield>
        <datafield tag="740" ind1="0" ind2=" ">
            <subfield code="a">Tom Sawyer at play.</subfield>
        </datafield>
    </record>