
    <record>
        <leader>00824nam a22002771i 4500</leader>
        <controlfield tag="001">016478020</controlfield>
        <controlfield tag="003">Uk</controlfield>
        <controlfield tag="005">20180218213800.0</controlfield>
        <controlfield tag="008">130626s2013    nyu    j      000 f eng|d</controlfield>
        <datafield tag="016" ind1="7" ind2=" ">
            <subfield code="a">016478020</subfield>
            <subfield code="2">Uk</subfield>
        </datafield>
        <datafield tag="020" ind1=" " ind2=" ">
            <subfield code="a">9781402794599 (pbk.) :</subfield>
            <subfield code="c">£3.99</subfield>
        </datafield>
        <datafield tag="082" ind1="0" ind2="4">
            <subfield code="a">823.92</subfield>
            <subfield code="2">23</subfield>
        </datafield>
        <datafield tag="245" ind1="0" ind2="4">
            <subfield code="a">The adventures of Tom Sawyer /</subfield>
            <subfield code="c">retold from the Mark Twain original.</subfield>
        </datafield>
        <datafield tag="264" ind1=" " ind2="1">
            <subfield code="a">New York :</subfield>
            <subfield code="b">Sterling,</subfield>
            <subfield code="c">2013.</subfield>
        </datafield>
        <datafield tag="300" ind1=" " ind2=" ">
            <subfield code="a">1 volume ;</subfield>
            <subfield code="c">19 cm.</subfield>
        </datafield>
        <datafield tag="336" ind1=" " ind2=" ">
            <subfield code="a">text</subfield>
            <subfield code="2">rdacontent</subfield>
        </datafield>
        <datafield tag="337" ind1=" " ind2=" ">
            <subfield code="a">unmediated</subfield>
            <subfield code="2">rdamedia</subfield>
        </datafield>
        <datafield tag="338" ind1=" " ind2=" ">
            <subfield code="a">volume</subfield>
            <subfield code="2">rdacarrier</subfield>
        </datafield>
        <datafield tag="490" ind1="0" ind2=" ">
            <subfield code="a">Classic starts</subfield>
        </datafield>
        <datafield tag="500" ind1=" " ind2=" ">
            <subfield code="a">Formerly CIP.</subfield>
            <subfield code="5">Uk</subfield>
        </datafield>
        <datafield tag="700" ind1="1" ind2=" ">
            <subfield code="a">Twain, Mark,</subfield>
            <subfield code="d">1835-1910.</subfield>
            <subfield code="t">Adventures of Tom Sawyer.</subfield>
        </datafield>
    </record>