
    <record>
        <leader>02736aam a2200409 a 4500</leader>
        <controlfield tag="001">016161583</controlfield>
        <controlfield tag="003">Uk</controlfield>
        <controlfield tag="005">20130516212543.0</controlfield>
        <controlfield tag="008">120215s2012    nyu      b    000 0aeng  </controlfield>
        <datafield tag="010" ind1=" " ind2=" ">
            <subfield code="a">2012003123  </subfield>
        </datafield>
        <datafield tag="016" ind1="7" ind2=" ">
            <subfield code="a">016161583</subfield>
            <subfield code="2">Uk</subfield>
        </datafield>
        <datafield tag="020" ind1=" " ind2=" ">
            <subfield code="a">0143106678 (pbk.) :</subfield>
            <subfield code="c">£9.99</subfield>
        </datafield>
        <datafield tag="020" ind1=" " ind2=" ">
            <subfield code="a">9780143106678 (pbk.) :</subfield>
            <subfield code="c">£9.99</subfield>
        </datafield>
        <datafield tag="082" ind1="0" ind2="0">
            <subfield code="a">818.40924</subfield>
            <subfield code="2">23</subfield>
        </datafield>
        <datafield tag="100" ind1="1" ind2=" ">
            <subfield code="a">Twain, Mark,</subfield>
            <subfield code="d">1835-1910.</subfield>
        </datafield>
        <datafield tag="240" ind1="1" ind2="0">
            <subfield code="a">Autobiography</subfield>
        </datafield>
        <datafield tag="245" ind1="1" ind2="0">
            <subfield code="a">Autobiographical writings /</subfield>
            <subfield code="c">Mark Twain ; edited with an introduction R. Kent Rasmussen.</subfield>
        </datafield>
        <datafield tag="260" ind1=" " ind2=" ">
            <subfield code="a">New York :</subfield>
            <subfield code="b">Penguin Books,</subfield>
            <subfield code="c">2012.</subfield>
        </datafield>
        <datafield tag="300" ind1=" " ind2=" ">
            <subfield code="a">xlv, 493 p. ;</subfield>
            <subfield code="c">20 cm.</subfield>
        </datafield>
        <datafield tag="336" ind1=" " ind2=" ">
            <subfield code="a">text</subfield>
            <subfield code="2">rdacontent</subfield>
        </datafield>
        <datafield tag="337" ind1=" " ind2=" ">
            <subfield code="a">unmediated</subfield>
            <subfield code="2">rdamedia</subfield>
        </datafield>
        <datafield tag="338" ind1=" " ind2=" ">
            <subfield code="a">volume</subfield>
            <subfield code="2">rdacarrier</subfield>
        </datafield>
        <datafield tag="490" ind1="1" ind2=" ">
            <subfield code="a">Penguin classics</subfield>
        </datafield>
        <datafield tag="500" ind1=" " ind2=" ">
            <subfield code="a">Formerly CIP.</subfield>
            <subfield code="5">Uk</subfield>
        </datafield>
        <datafield tag="504" ind1=" " ind2=" ">
            <subfield code="a">Includes bibliographical references.</subfield>
        </datafield>
        <datafield tag="520" ind1=" " ind2=" ">
            <subfield code="a">"A curated collection of Mark Twain's autobiographical writings with particular attention to texts reflecting his early life. Our edition is significantly less apparatus-heavy than the UC Press edition and also includes various additional writings. R. Kent Rasmussen contributes a substantial introduction, summarizing the most interesting elements from modern scholarship surrounding the history of Twain's autobiography and his long-lasting appeal over one hundred years after his death. Also includes a new suggested further reading, as well as an edited Chronology and Sites to Visit from the enriched eBook edition of THE ADVENTURES OF HUCKLEBERRY FINN"--Provided by publisher.</subfield>
        </datafield>
        <datafield tag="520" ind1=" " ind2=" ">
            <subfield code="a">"An intimate look at Mark Twain that only he himself could offerA must-have for all lovers of Mark Twain, this selection of his autobiographical writings opens a rare window onto the writer's life, particularly his early years. Born on November 30, 1835, in Florida, Missouri, Samuel Langhorne Clemens first used the pseudonym Mark Twain while a journalist in Nevada in 1863. When his first major book, The Innocents Abroad, appeared six years later, he began what would become one of the most celebrated and influential careers in American letters. Autobiographical Writings will help readers know the author intimately and appreciate why, a century after his death, he remains so vital and appealing"--Provided by publisher.</subfield>
        </datafield>
        <datafield tag="600" ind1="1" ind2="0">
            <subfield code="a">Twain, Mark,</subfield>
            <subfield code="d">1835-1910.</subfield>
        </datafield>
        <datafield tag="700" ind1="1" ind2=" ">
            <subfield code="a">Rasmussen, R. Kent.</subfield>
        </datafield>
        <datafield tag="830" ind1=" " ind2="0">
            <subfield code="a">Penguin classics.</subfield>
        </datafield>
    </record>