
    <record>
        <leader>00991nam a22003011a 4500</leader>
        <controlfield tag="001">015986149</controlfield>
        <controlfield tag="003">Uk</controlfield>
        <controlfield tag="005">20180217211900.0</controlfield>
        <controlfield tag="008">111129s2012    cau           001 0aeng|d</controlfield>
        <datafield tag="016" ind1="7" ind2=" ">
            <subfield code="a">015986149</subfield>
            <subfield code="2">Uk</subfield>
        </datafield>
        <datafield tag="020" ind1=" " ind2=" ">
            <subfield code="a">0520272250 (pbk.) :</subfield>
            <subfield code="c">£18.95</subfield>
        </datafield>
        <datafield tag="020" ind1=" " ind2=" ">
            <subfield code="a">9780520272255 (pbk.) :</subfield>
            <subfield code="c">£18.95</subfield>
        </datafield>
        <datafield tag="082" ind1="0" ind2="4">
            <subfield code="a">818.409</subfield>
            <subfield code="2">23</subfield>
        </datafield>
        <datafield tag="100" ind1="1" ind2=" ">
            <subfield code="a">Twain, Mark,</subfield>
            <subfield code="d">1835-1910.</subfield>
        </datafield>
        <datafield tag="245" ind1="1" ind2="0">
            <subfield code="a">Autobiography of Mark Twain :</subfield>
            <subfield code="b">reader's edition.</subfield>
            <subfield code="n">Volume I /</subfield>
            <subfield code="c">edited by Harriet Elinor Smith.</subfield>
        </datafield>
        <datafield tag="260" ind1=" " ind2=" ">
            <subfield code="a">Berkeley, Calif. ;</subfield>
            <subfield code="a">London :</subfield>
            <subfield code="b">University of California Press,</subfield>
            <subfield code="c">2012.</subfield>
        </datafield>
        <datafield tag="300" ind1=" " ind2=" ">
            <subfield code="a">1 v.</subfield>
        </datafield>
        <datafield tag="336" ind1=" " ind2=" ">
            <subfield code="a">text</subfield>
            <subfield code="2">rdacontent</subfield>
        </datafield>
        <datafield tag="337" ind1=" " ind2=" ">
            <subfield code="a">unmediated</subfield>
            <subfield code="2">rdamedia</subfield>
        </datafield>
        <datafield tag="338" ind1=" " ind2=" ">
            <subfield code="a">volume</subfield>
            <subfield code="2">rdacarrier</subfield>
        </datafield>
        <datafield tag="500" ind1=" " ind2=" ">
            <subfield code="a">Formerly CIP.</subfield>
            <subfield code="5">Uk</subfield>
        </datafield>
        <datafield tag="504" ind1=" " ind2=" ">
            <subfield code="a">Includes bibliographical references and index.</subfield>
        </datafield>
        <datafield tag="600" ind1="1" ind2="0">
            <subfield code="a">Twain, Mark,</subfield>
            <subfield code="d">1835-1910.</subfield>
        </datafield>
        <datafield tag="700" ind1="1" ind2=" ">
            <subfield code="a">Smith, Harriet Elinor.</subfield>
        </datafield>
    </record>