
    <record>
        <leader>00766pam a2200265 a 4500</leader>
        <controlfield tag="001">015875387</controlfield>
        <controlfield tag="003">Uk</controlfield>
        <controlfield tag="005">20120711073943.0</controlfield>
        <controlfield tag="008">110822s2011    enka         |000 1|eng d</controlfield>
        <datafield tag="016" ind1="7" ind2=" ">
            <subfield code="a">015875387</subfield>
            <subfield code="2">Uk</subfield>
        </datafield>
        <datafield tag="020" ind1=" " ind2=" ">
            <subfield code="a">1907970045 (pbk.) :</subfield>
            <subfield code="c">£8.00</subfield>
        </datafield>
        <datafield tag="020" ind1=" " ind2=" ">
            <subfield code="a">9781907970047 (pbk.) :</subfield>
            <subfield code="c">£8.00</subfield>
        </datafield>
        <datafield tag="082" ind1="0" ind2="4">
            <subfield code="a">813.4</subfield>
            <subfield code="2">23</subfield>
        </datafield>
        <datafield tag="100" ind1="1" ind2=" ">
            <subfield code="a">Twain, Mark,</subfield>
            <subfield code="d">1835-1910.</subfield>
        </datafield>
        <datafield tag="245" ind1="1" ind2="0">
            <subfield code="a">American drolleries :</subfield>
            <subfield code="b">selected stories /</subfield>
            <subfield code="c">Mark Twain.</subfield>
        </datafield>
        <datafield tag="260" ind1=" " ind2=" ">
            <subfield code="a">London :</subfield>
            <subfield code="b">Daunt Books,</subfield>
            <subfield code="c">2011.</subfield>
        </datafield>
        <datafield tag="300" ind1=" " ind2=" ">
            <subfield code="a">185 p. :</subfield>
            <subfield code="b">ill. ;</subfield>
            <subfield code="c">20 cm.</subfield>
        </datafield>
        <datafield tag="336" ind1=" " ind2=" ">
            <subfield code="a">text</subfield>
            <subfield code="2">rdacontent</subfield>
        </datafield>
        <datafield tag="337" ind1=" " ind2=" ">
            <subfield code="a">unmediated</subfield>
            <subfield code="2">rdamedia</subfield>
        </datafield>
        <datafield tag="338" ind1=" " ind2=" ">
            <subfield code="a">volume</subfield>
            <subfield code="2">rdacarrier</subfield>
        </datafield>
        <datafield tag="500" ind1=" " ind2=" ">
            <subfield code="a">Formerly CIP.</subfield>
            <subfield code="5">Uk</subfield>
        </datafield>
    </record>