
    <record>
        <leader>02402pam a2200421 i 4500</leader>
        <controlfield tag="001">015594569</controlfield>
        <controlfield tag="003">Uk</controlfield>
        <controlfield tag="005">20151110115754.0</controlfield>
        <controlfield tag="008">091118m20102015caua     b   |0|1 0aeng|d</controlfield>
        <datafield tag="016" ind1="7" ind2=" ">
            <subfield code="a">015594569</subfield>
            <subfield code="2">Uk</subfield>
        </datafield>
        <datafield tag="020" ind1=" " ind2=" ">
            <subfield code="a">0520267192 (v. 1) :</subfield>
            <subfield code="c">£24.95</subfield>
        </datafield>
        <datafield tag="020" ind1=" " ind2=" ">
            <subfield code="a">9780520267190 (v. 1) :</subfield>
            <subfield code="c">£24.95</subfield>
        </datafield>
        <datafield tag="020" ind1=" " ind2=" ">
            <subfield code="a">9780520272781 (v. 2) :</subfield>
            <subfield code="c">£29.95</subfield>
        </datafield>
        <datafield tag="020" ind1=" " ind2=" ">
            <subfield code="a">9780520279940 (v. 3) :</subfield>
            <subfield code="c">£30.95</subfield>
        </datafield>
        <datafield tag="082" ind1="0" ind2="4">
            <subfield code="a">818.409</subfield>
            <subfield code="2">23</subfield>
        </datafield>
        <datafield tag="100" ind1="1" ind2=" ">
            <subfield code="a">Twain, Mark,</subfield>
            <subfield code="d">1835-1910,</subfield>
            <subfield code="e">author.</subfield>
        </datafield>
        <datafield tag="245" ind1="1" ind2="0">
            <subfield code="a">Autobiography of Mark Twain /</subfield>
            <subfield code="c">Harriet Elinor Smith, editor; associate editors, Benjamin Griffin, Victor Fischer, Michael B. Frank, Sharon K. Goetz, Leslie Myrick.</subfield>
        </datafield>
        <datafield tag="264" ind1=" " ind2="1">
            <subfield code="a">Berkeley, California :</subfield>
            <subfield code="b">University of California Press,</subfield>
            <subfield code="c">[2010-2015]</subfield>
        </datafield>
        <datafield tag="300" ind1=" " ind2=" ">
            <subfield code="a">3 volumes :</subfield>
            <subfield code="b">illustrations (black and white) ;</subfield>
            <subfield code="c">27 cm.</subfield>
        </datafield>
        <datafield tag="336" ind1=" " ind2=" ">
            <subfield code="a">text</subfield>
            <subfield code="2">rdacontent</subfield>
        </datafield>
        <datafield tag="337" ind1=" " ind2=" ">
            <subfield code="a">unmediated</subfield>
            <subfield code="2">rdamedia</subfield>
        </datafield>
        <datafield tag="338" ind1=" " ind2=" ">
            <subfield code="a">volume</subfield>
            <subfield code="2">rdacarrier</subfield>
        </datafield>
        <datafield tag="490" ind1="1" ind2=" ">
            <subfield code="a">The Mark Twain papers</subfield>
        </datafield>
        <datafield tag="500" ind1=" " ind2=" ">
            <subfield code="a">"A publication of the Mark Twain Project of the Bancroft Library."</subfield>
        </datafield>
        <datafield tag="500" ind1=" " ind2=" ">
            <subfield code="a">Formerly CIP.</subfield>
            <subfield code="5">Uk</subfield>
        </datafield>
        <datafield tag="500" ind1=" " ind2=" ">
            <subfield code="a">Volume 2: Benjamin Griffin and Harriet Elinor Smith, editors ; associate editors, Victor Fischer, Michael B. Frank, Sharon K. Goetz, Leslie Diane Myrick.</subfield>
        </datafield>
        <datafield tag="500" ind1=" " ind2=" ">
            <subfield code="a">Volume 3: Benjamin Griffin and Harriet Elinor Smith, editors ; associate editors, Victor Fischer, Michael B. Frank, Amanda Gagel, Sharon K. Goetz, Leslie Diane Myrick, Christopher M. Oghe.</subfield>
        </datafield>
        <datafield tag="504" ind1=" " ind2=" ">
            <subfield code="a">Includes bibliographical references and index.</subfield>
        </datafield>
        <datafield tag="505" ind1="1" ind2=" ">
            <subfield code="a">v. 1. Preliminary manuscripts and dictations, 1870-1905; Autobiographical dictations, January-March 1906; Family biographies; Speech at the seventieth birthday dinner, 5 December 1905; Speech at the Players, 3 January 1906 -- v. 2. Autobiography of Mark Twain [including autobiographical dictations, April-December 1906 and January-February 1907]; Explanatory notes; Appendixes: Samuel L. Clemens: a brief chronology; Family biographies; Previous publication -- v. 3. [without special title].</subfield>
        </datafield>
        <datafield tag="600" ind1="1" ind2="0">
            <subfield code="a">Twain, Mark,</subfield>
            <subfield code="d">1835-1910.</subfield>
        </datafield>
        <datafield tag="700" ind1="1" ind2=" ">
            <subfield code="a">Griffin, Benjamin,</subfield>
            <subfield code="d">1968-</subfield>
            <subfield code="e">editor.</subfield>
        </datafield>
        <datafield tag="700" ind1="1" ind2=" ">
            <subfield code="a">Smith, Harriet Elinor,</subfield>
            <subfield code="e">editor.</subfield>
        </datafield>
        <datafield tag="710" ind1="2" ind2=" ">
            <subfield code="a">Bancroft Library.</subfield>
            <subfield code="b">Mark Twain Project.</subfield>
        </datafield>
        <datafield tag="800" ind1="1" ind2=" ">
            <subfield code="a">Twain, Mark,</subfield>
            <subfield code="d">1835-1910.</subfield>
            <subfield code="t">Mark Twain papers.</subfield>
        </datafield>
    </record>