
    <record>
        <leader>01091nam a22003131a 4500</leader>
        <controlfield tag="001">015572029</controlfield>
        <controlfield tag="003">Uk</controlfield>
        <controlfield tag="005">20110323154639.0</controlfield>
        <controlfield tag="008">100603s2010    caua          000|0 eng|d</controlfield>
        <datafield tag="016" ind1="7" ind2=" ">
            <subfield code="a">015572029</subfield>
            <subfield code="2">Uk</subfield>
        </datafield>
        <datafield tag="020" ind1=" " ind2=" ">
            <subfield code="a">0520268172 (pbk.) :</subfield>
            <subfield code="c">£13.95</subfield>
        </datafield>
        <datafield tag="020" ind1=" " ind2=" ">
            <subfield code="a">9780520268173 (pbk.) :</subfield>
            <subfield code="c">£13.95</subfield>
        </datafield>
        <datafield tag="082" ind1="0" ind2="4">
            <subfield code="a">917.8042</subfield>
            <subfield code="2">22</subfield>
        </datafield>
        <datafield tag="100" ind1="1" ind2=" ">
            <subfield code="a">Twain, Mark,</subfield>
            <subfield code="d">1835-1910.</subfield>
        </datafield>
        <datafield tag="245" ind1="1" ind2="0">
            <subfield code="a">Roughing it /</subfield>
            <subfield code="c">Mark Twain ; edited by Harriet Elinor Smith and Edgar Marquess Branch ; illustrations by True Williams ... [et al.].</subfield>
        </datafield>
        <datafield tag="260" ind1=" " ind2=" ">
            <subfield code="a">Berkeley, Calif. ;</subfield>
            <subfield code="a">London :</subfield>
            <subfield code="b">University of California Press,</subfield>
            <subfield code="c">2010.</subfield>
        </datafield>
        <datafield tag="300" ind1=" " ind2=" ">
            <subfield code="a">xxvii, 853 p. :</subfield>
            <subfield code="b">ill. ;</subfield>
            <subfield code="c">21 cm.</subfield>
        </datafield>
        <datafield tag="336" ind1=" " ind2=" ">
            <subfield code="a">text</subfield>
            <subfield code="2">rdacontent</subfield>
        </datafield>
        <datafield tag="337" ind1=" " ind2=" ">
            <subfield code="a">unmediated</subfield>
            <subfield code="2">rdamedia</subfield>
        </datafield>
        <datafield tag="338" ind1=" " ind2=" ">
            <subfield code="a">volume</subfield>
            <subfield code="2">rdacarrier</subfield>
        </datafield>
        <datafield tag="500" ind1=" " ind2=" ">
            <subfield code="a">Formerly CIP.</subfield>
            <subfield code="5">Uk</subfield>
        </datafield>
        <datafield tag="600" ind1="1" ind2="0">
            <subfield code="a">Twain, Mark,</subfield>
            <subfield code="d">1835-1910</subfield>
            <subfield code="x">Travel</subfield>
            <subfield code="z">West (U.S.)</subfield>
        </datafield>
        <datafield tag="700" ind1="1" ind2=" ">
            <subfield code="a">Branch, Edgar Marquess,</subfield>
            <subfield code="d">1913-2006.</subfield>
        </datafield>
        <datafield tag="700" ind1="1" ind2=" ">
            <subfield code="a">Smith, Harriet Elinor.</subfield>
        </datafield>
        <datafield tag="700" ind1="1" ind2=" ">
            <subfield code="a">Williams, True.</subfield>
        </datafield>
    </record>