
    <record>
        <leader>01336nam a22003491a 4500</leader>
        <controlfield tag="001">015495303</controlfield>
        <controlfield tag="003">Uk</controlfield>
        <controlfield tag="005">20180217204400.0</controlfield>
        <controlfield tag="008">100216s2010    ii a   j 6    000 f eng|d</controlfield>
        <datafield tag="016" ind1="7" ind2=" ">
            <subfield code="a">015495303</subfield>
            <subfield code="2">Uk</subfield>
        </datafield>
        <datafield tag="020" ind1=" " ind2=" ">
            <subfield code="a">8190732625 (pbk.) :</subfield>
            <subfield code="c">£6.99</subfield>
        </datafield>
        <datafield tag="020" ind1=" " ind2=" ">
            <subfield code="a">9788190732628 (pbk.) :</subfield>
            <subfield code="c">£6.99</subfield>
        </datafield>
        <datafield tag="082" ind1="0" ind2="4">
            <subfield code="a">741.5</subfield>
            <subfield code="2">22</subfield>
        </datafield>
        <datafield tag="100" ind1="1" ind2=" ">
            <subfield code="a">DiGerolamo, Tony.</subfield>
        </datafield>
        <datafield tag="245" ind1="1" ind2="0">
            <subfield code="a">Personal recollections of Joan of Arc /</subfield>
            <subfield code="c">by Mark Twain ; illustrated by Rajesh Nagulakonda ; adapted by Tony DiGerolamo.</subfield>
        </datafield>
        <datafield tag="260" ind1=" " ind2=" ">
            <subfield code="a">Delhi :</subfield>
            <subfield code="b">Campfire ;</subfield>
            <subfield code="a">London :</subfield>
            <subfield code="b">Frances Lincoln [distributor],</subfield>
            <subfield code="c">2010.</subfield>
        </datafield>
        <datafield tag="300" ind1=" " ind2=" ">
            <subfield code="a">1 v. :</subfield>
            <subfield code="b">chiefly ill. ;</subfield>
            <subfield code="c">26 cm.</subfield>
        </datafield>
        <datafield tag="336" ind1=" " ind2=" ">
            <subfield code="a">text</subfield>
            <subfield code="2">rdacontent</subfield>
        </datafield>
        <datafield tag="337" ind1=" " ind2=" ">
            <subfield code="a">unmediated</subfield>
            <subfield code="2">rdamedia</subfield>
        </datafield>
        <datafield tag="338" ind1=" " ind2=" ">
            <subfield code="a">volume</subfield>
            <subfield code="2">rdacarrier</subfield>
        </datafield>
        <datafield tag="500" ind1=" " ind2=" ">
            <subfield code="a">Formerly CIP.</subfield>
            <subfield code="5">Uk</subfield>
        </datafield>
        <datafield tag="600" ind1="0" ind2="0">
            <subfield code="a">Joan,</subfield>
            <subfield code="c">of Arc, Saint,</subfield>
            <subfield code="d">1412-1431</subfield>
            <subfield code="v">Comic books, strips, etc.</subfield>
            <subfield code="v">Juvenile fiction.</subfield>
        </datafield>
        <datafield tag="700" ind1="1" ind2=" ">
            <subfield code="a">Nagulakonda, Rajesh.</subfield>
        </datafield>
        <datafield tag="700" ind1="1" ind2=" ">
            <subfield code="a">Twain, Mark,</subfield>
            <subfield code="d">1835-1910.</subfield>
        </datafield>
    </record>