
    <record>
        <leader>01595pam a2200409 a 4500</leader>
        <controlfield tag="001">015494174</controlfield>
        <controlfield tag="003">Uk</controlfield>
        <controlfield tag="005">20110722135613.0</controlfield>
        <controlfield tag="008">100216s2010    caua         |0|0 1|eng d</controlfield>
        <datafield tag="010" ind1=" " ind2=" ">
            <subfield code="a">2001027448</subfield>
        </datafield>
        <datafield tag="016" ind1="7" ind2=" ">
            <subfield code="a">015494174</subfield>
            <subfield code="2">Uk</subfield>
        </datafield>
        <datafield tag="020" ind1=" " ind2=" ">
            <subfield code="a">0520266099 (hbk.) :</subfield>
            <subfield code="c">£41.95</subfield>
        </datafield>
        <datafield tag="020" ind1=" " ind2=" ">
            <subfield code="a">0520266102 (pbk.) :</subfield>
            <subfield code="c">£13.95</subfield>
        </datafield>
        <datafield tag="020" ind1=" " ind2=" ">
            <subfield code="a">9780520266094 (hbk.) :</subfield>
            <subfield code="c">£41.95</subfield>
        </datafield>
        <datafield tag="020" ind1=" " ind2=" ">
            <subfield code="a">9780520266100 (pbk.) :</subfield>
            <subfield code="c">£13.95</subfield>
        </datafield>
        <datafield tag="082" ind1="0" ind2="4">
            <subfield code="a">813.4</subfield>
            <subfield code="2">23</subfield>
        </datafield>
        <datafield tag="100" ind1="1" ind2=" ">
            <subfield code="a">Twain, Mark,</subfield>
            <subfield code="d">1835-1910.</subfield>
        </datafield>
        <datafield tag="245" ind1="1" ind2="0">
            <subfield code="a">Adventures of Huckleberry Finn :</subfield>
            <subfield code="b">Tom Sawyer's comrade : Scene, the Mississippi Valley : time, forty to fifty years ago /</subfield>
            <subfield code="c">Mark Twain ; illustrated by E.W. Kemble and John Harley : editors, Victor Fischer and Lin Salamo ; with Harriet Elinor Smith and the late Walter Blair.</subfield>
        </datafield>
        <datafield tag="260" ind1=" " ind2=" ">
            <subfield code="a">Berkeley, Calif. :</subfield>
            <subfield code="b">University of California Press,</subfield>
            <subfield code="c">c2010.</subfield>
        </datafield>
        <datafield tag="300" ind1=" " ind2=" ">
            <subfield code="a">xxvii, 561 p. :</subfield>
            <subfield code="b">ill. ;</subfield>
            <subfield code="c">22 cm.</subfield>
        </datafield>
        <datafield tag="336" ind1=" " ind2=" ">
            <subfield code="a">text</subfield>
            <subfield code="2">rdacontent</subfield>
        </datafield>
        <datafield tag="337" ind1=" " ind2=" ">
            <subfield code="a">unmediated</subfield>
            <subfield code="2">rdamedia</subfield>
        </datafield>
        <datafield tag="338" ind1=" " ind2=" ">
            <subfield code="a">volume</subfield>
            <subfield code="2">rdacarrier</subfield>
        </datafield>
        <datafield tag="490" ind1="0" ind2=" ">
            <subfield code="a">Mark Twain library</subfield>
        </datafield>
        <datafield tag="500" ind1=" " ind2=" ">
            <subfield code="a">"125th anniversary edition."</subfield>
        </datafield>
        <datafield tag="500" ind1=" " ind2=" ">
            <subfield code="a">"A publication of the Mark Twain Project of the Bancroft Library."</subfield>
        </datafield>
        <datafield tag="500" ind1=" " ind2=" ">
            <subfield code="a">Formerly CIP.</subfield>
            <subfield code="5">Uk</subfield>
        </datafield>
        <datafield tag="700" ind1="1" ind2=" ">
            <subfield code="a">Fischer, Victor,</subfield>
            <subfield code="d">1942-</subfield>
        </datafield>
        <datafield tag="700" ind1="1" ind2=" ">
            <subfield code="a">Harley, John J.</subfield>
        </datafield>
        <datafield tag="700" ind1="1" ind2=" ">
            <subfield code="a">Kemble, E. W.</subfield>
            <subfield code="q">(Edward Windsor),</subfield>
            <subfield code="d">1861-1933.</subfield>
        </datafield>
        <datafield tag="700" ind1="1" ind2=" ">
            <subfield code="a">Salamo, Lin.</subfield>
        </datafield>
    </record>