
    <record>
        <leader>01123nam a22003371a 4500</leader>
        <controlfield tag="001">015405748</controlfield>
        <controlfield tag="003">Uk</controlfield>
        <controlfield tag="005">20110325001400.0</controlfield>
        <controlfield tag="007">ta</controlfield>
        <controlfield tag="008">110225s2009    enkab    b    000 j eng d</controlfield>
        <datafield tag="016" ind1="7" ind2=" ">
            <subfield code="a">015405748</subfield>
            <subfield code="2">Uk</subfield>
        </datafield>
        <datafield tag="020" ind1=" " ind2=" ">
            <subfield code="a">9781840221831 (pbk.)</subfield>
        </datafield>
        <datafield tag="082" ind1="0" ind2="4">
            <subfield code="a">813.4</subfield>
            <subfield code="2">22</subfield>
        </datafield>
        <datafield tag="100" ind1="1" ind2=" ">
            <subfield code="a">Twain, Mark,</subfield>
            <subfield code="d">1835-1910.</subfield>
        </datafield>
        <datafield tag="245" ind1="1" ind2="0">
            <subfield code="a">Tom Sawyer abroad ;</subfield>
            <subfield code="b">and, Tom Sawyer, detective /</subfield>
            <subfield code="c">Mark Twain ; with an introduction by Stuart Hutchinson.</subfield>
        </datafield>
        <datafield tag="246" ind1="1" ind2="3">
            <subfield code="a">Tom Sawyer abroad ;</subfield>
            <subfield code="b">&amp; Tom Sawyer detective</subfield>
        </datafield>
        <datafield tag="260" ind1=" " ind2=" ">
            <subfield code="a">Ware :</subfield>
            <subfield code="b">Wordsworth Editions,</subfield>
            <subfield code="c">2009.</subfield>
        </datafield>
        <datafield tag="300" ind1=" " ind2=" ">
            <subfield code="a">188 p. :</subfield>
            <subfield code="b">ill., maps ;</subfield>
            <subfield code="c">20 cm.</subfield>
        </datafield>
        <datafield tag="336" ind1=" " ind2=" ">
            <subfield code="a">text</subfield>
            <subfield code="2">rdacontent</subfield>
        </datafield>
        <datafield tag="337" ind1=" " ind2=" ">
            <subfield code="a">unmediated</subfield>
            <subfield code="2">rdamedia</subfield>
        </datafield>
        <datafield tag="338" ind1=" " ind2=" ">
            <subfield code="a">volume</subfield>
            <subfield code="2">rdacarrier</subfield>
        </datafield>
        <datafield tag="490" ind1="0" ind2=" ">
            <subfield code="a">Wordsworth classics</subfield>
        </datafield>
        <datafield tag="500" ind1=" " ind2=" ">
            <subfield code="a">"Complete and unabridged."</subfield>
        </datafield>
        <datafield tag="504" ind1=" " ind2=" ">
            <subfield code="a">Includes bibliographical references.</subfield>
        </datafield>
        <datafield tag="700" ind1="1" ind2=" ">
            <subfield code="a">Twain, Mark,</subfield>
            <subfield code="d">1835-1910.</subfield>
            <subfield code="t">Tom Sawyer, detective.</subfield>
        </datafield>
    </record>