
    <record>
        <leader>01407pam a2200385 a 4500</leader>
        <controlfield tag="001">015341601</controlfield>
        <controlfield tag="003">Uk</controlfield>
        <controlfield tag="005">20101103124031.0</controlfield>
        <controlfield tag="008">090203s2010    caua     b    001 0 eng d</controlfield>
        <datafield tag="016" ind1="7" ind2=" ">
            <subfield code="a">015341601</subfield>
            <subfield code="2">Uk</subfield>
        </datafield>
        <datafield tag="020" ind1=" " ind2=" ">
            <subfield code="a">0520248554 (hbk.) :</subfield>
            <subfield code="c">£21.50</subfield>
        </datafield>
        <datafield tag="020" ind1=" " ind2=" ">
            <subfield code="a">9780520248557 (hbk.) :</subfield>
            <subfield code="c">£21.50</subfield>
        </datafield>
        <datafield tag="082" ind1="0" ind2="4">
            <subfield code="a">818.409</subfield>
            <subfield code="2">22</subfield>
        </datafield>
        <datafield tag="100" ind1="1" ind2=" ">
            <subfield code="a">Twain, Mark,</subfield>
            <subfield code="d">1835-1910.</subfield>
        </datafield>
        <datafield tag="240" ind1="1" ind2="0">
            <subfield code="a">Works.</subfield>
            <subfield code="k">Selections.</subfield>
            <subfield code="f">2010</subfield>
        </datafield>
        <datafield tag="245" ind1="1" ind2="0">
            <subfield code="a">Mark Twain's book of animals /</subfield>
            <subfield code="c">edited with introduction, afterword, &amp; notes by Shelley Fisher Fishkin ; illustrations by Barry Moser ; text established by the Mark Twain Project, the Bancroft Library.</subfield>
        </datafield>
        <datafield tag="260" ind1=" " ind2=" ">
            <subfield code="a">Berkeley, Calif. ;</subfield>
            <subfield code="a">London :</subfield>
            <subfield code="b">University of California Press,</subfield>
            <subfield code="c">c2010.</subfield>
        </datafield>
        <datafield tag="300" ind1=" " ind2=" ">
            <subfield code="a">x, 325 p. :</subfield>
            <subfield code="b">ill. ;</subfield>
            <subfield code="c">26 cm.</subfield>
        </datafield>
        <datafield tag="336" ind1=" " ind2=" ">
            <subfield code="a">text</subfield>
            <subfield code="2">rdacontent</subfield>
        </datafield>
        <datafield tag="337" ind1=" " ind2=" ">
            <subfield code="a">unmediated</subfield>
            <subfield code="2">rdamedia</subfield>
        </datafield>
        <datafield tag="338" ind1=" " ind2=" ">
            <subfield code="a">volume</subfield>
            <subfield code="2">rdacarrier</subfield>
        </datafield>
        <datafield tag="490" ind1="1" ind2=" ">
            <subfield code="a">Jumping frogs ;</subfield>
            <subfield code="v">3</subfield>
        </datafield>
        <datafield tag="500" ind1=" " ind2=" ">
            <subfield code="a">Formerly CIP.</subfield>
            <subfield code="5">Uk</subfield>
        </datafield>
        <datafield tag="504" ind1=" " ind2=" ">
            <subfield code="a">Includes bibliographical references and index.</subfield>
        </datafield>
        <datafield tag="700" ind1="1" ind2=" ">
            <subfield code="a">Fishkin, Shelley Fisher.</subfield>
        </datafield>
        <datafield tag="700" ind1="1" ind2=" ">
            <subfield code="a">Moser, Barry.</subfield>
        </datafield>
        <datafield tag="710" ind1="2" ind2=" ">
            <subfield code="a">Bancroft Library.</subfield>
            <subfield code="b">Mark Twain Project.</subfield>
        </datafield>
        <datafield tag="800" ind1="1" ind2=" ">
            <subfield code="a">Twain, Mark,</subfield>
            <subfield code="d">1835-1910.</subfield>
            <subfield code="t">Jumping frogs ;</subfield>
            <subfield code="v">3.</subfield>
        </datafield>
    </record>