
    <record>
        <leader>01030nam a22003011a 4500</leader>
        <controlfield tag="001">014916592</controlfield>
        <controlfield tag="003">Uk</controlfield>
        <controlfield tag="005">20180217201100.0</controlfield>
        <controlfield tag="008">080609s2009    alua         o000 0deng|d</controlfield>
        <datafield tag="016" ind1="7" ind2=" ">
            <subfield code="a">014916592</subfield>
            <subfield code="2">Uk</subfield>
        </datafield>
        <datafield tag="020" ind1=" " ind2=" ">
            <subfield code="a">0817355391 (pbk.) :</subfield>
            <subfield code="c">£23.50</subfield>
        </datafield>
        <datafield tag="020" ind1=" " ind2=" ">
            <subfield code="a">9780817355395 (pbk.) :</subfield>
            <subfield code="c">£23.50</subfield>
        </datafield>
        <datafield tag="082" ind1="0" ind2="4">
            <subfield code="a">818.409</subfield>
            <subfield code="2">22</subfield>
        </datafield>
        <datafield tag="100" ind1="1" ind2=" ">
            <subfield code="a">Twain, Mark,</subfield>
            <subfield code="d">1835-1910.</subfield>
        </datafield>
        <datafield tag="245" ind1="1" ind2="0">
            <subfield code="a">Mainly the truth :</subfield>
            <subfield code="b">interviews with Mark Twain /</subfield>
            <subfield code="c">edited by Gary Scharnhorst.</subfield>
        </datafield>
        <datafield tag="260" ind1=" " ind2=" ">
            <subfield code="a">Tuscaloosa, Ala. :</subfield>
            <subfield code="b">University of Alabama Press ;</subfield>
            <subfield code="a">London :</subfield>
            <subfield code="b">Eurospan [distributor],</subfield>
            <subfield code="c">2009.</subfield>
        </datafield>
        <datafield tag="300" ind1=" " ind2=" ">
            <subfield code="a">1 v. :</subfield>
            <subfield code="b">ill. ;</subfield>
            <subfield code="c">23 cm.</subfield>
        </datafield>
        <datafield tag="336" ind1=" " ind2=" ">
            <subfield code="a">text</subfield>
            <subfield code="2">rdacontent</subfield>
        </datafield>
        <datafield tag="337" ind1=" " ind2=" ">
            <subfield code="a">unmediated</subfield>
            <subfield code="2">rdamedia</subfield>
        </datafield>
        <datafield tag="338" ind1=" " ind2=" ">
            <subfield code="a">volume</subfield>
            <subfield code="2">rdacarrier</subfield>
        </datafield>
        <datafield tag="490" ind1="0" ind2=" ">
            <subfield code="a">Studies in American literary realism and naturalism</subfield>
        </datafield>
        <datafield tag="500" ind1=" " ind2=" ">
            <subfield code="a">Formerly CIP.</subfield>
            <subfield code="5">Uk</subfield>
        </datafield>
        <datafield tag="600" ind1="1" ind2="0">
            <subfield code="a">Twain, Mark,</subfield>
            <subfield code="d">1835-1910</subfield>
            <subfield code="v">Interviews.</subfield>
        </datafield>
        <datafield tag="700" ind1="1" ind2=" ">
            <subfield code="a">Scharnhorst, Gary.</subfield>
        </datafield>
    </record>