
    <record>
        <leader>01908aam a2200469 a 4500</leader>
        <controlfield tag="001">014783584</controlfield>
        <controlfield tag="003">Uk</controlfield>
        <controlfield tag="005">20091210213043.0</controlfield>
        <controlfield tag="008">080402s2009    alua     b   s001 0 eng  </controlfield>
        <datafield tag="010" ind1=" " ind2=" ">
            <subfield code="a">2008014742  </subfield>
        </datafield>
        <datafield tag="016" ind1="7" ind2=" ">
            <subfield code="a">014783584</subfield>
            <subfield code="2">Uk</subfield>
        </datafield>
        <datafield tag="020" ind1=" " ind2=" ">
            <subfield code="a">081731640X (hbk.) :</subfield>
            <subfield code="c">£59.50</subfield>
        </datafield>
        <datafield tag="020" ind1=" " ind2=" ">
            <subfield code="a">0817355219 (pbk.) :</subfield>
            <subfield code="c">£28.50</subfield>
        </datafield>
        <datafield tag="020" ind1=" " ind2=" ">
            <subfield code="a">9780817316402 (hbk.) :</subfield>
            <subfield code="c">£59.50</subfield>
        </datafield>
        <datafield tag="020" ind1=" " ind2=" ">
            <subfield code="a">9780817355210 (pbk.) :</subfield>
            <subfield code="c">£28.50</subfield>
        </datafield>
        <datafield tag="020" ind1=" " ind2=" ">
            <subfield code="a">9780817381233 (ebk.) :</subfield>
            <subfield code="c">No price</subfield>
        </datafield>
        <datafield tag="043" ind1=" " ind2=" ">
            <subfield code="a">aw-----</subfield>
            <subfield code="a">e------</subfield>
            <subfield code="a">n-usp--</subfield>
            <subfield code="a">n-us-hi</subfield>
        </datafield>
        <datafield tag="082" ind1="0" ind2="0">
            <subfield code="a">818.409</subfield>
            <subfield code="2">22</subfield>
        </datafield>
        <datafield tag="100" ind1="1" ind2=" ">
            <subfield code="a">Twain, Mark,</subfield>
            <subfield code="d">1835-1910.</subfield>
        </datafield>
        <datafield tag="245" ind1="1" ind2="0">
            <subfield code="a">Mark Twain on the move :</subfield>
            <subfield code="b">a travel reader /</subfield>
            <subfield code="c">edited and with an introduction by Alan Gribben and Jeffrey Alan Melton.</subfield>
        </datafield>
        <datafield tag="260" ind1=" " ind2=" ">
            <subfield code="a">Tuscaloosa, Ala. :</subfield>
            <subfield code="b">University of Alabama Press ;</subfield>
            <subfield code="a">London :</subfield>
            <subfield code="b">Eurospan [distributor],</subfield>
            <subfield code="c">c2009.</subfield>
        </datafield>
        <datafield tag="300" ind1=" " ind2=" ">
            <subfield code="a">xx, 231 p. :</subfield>
            <subfield code="b">ill. ;</subfield>
            <subfield code="c">23 cm.</subfield>
        </datafield>
        <datafield tag="336" ind1=" " ind2=" ">
            <subfield code="a">text</subfield>
            <subfield code="2">rdacontent</subfield>
        </datafield>
        <datafield tag="337" ind1=" " ind2=" ">
            <subfield code="a">unmediated</subfield>
            <subfield code="2">rdamedia</subfield>
        </datafield>
        <datafield tag="338" ind1=" " ind2=" ">
            <subfield code="a">volume</subfield>
            <subfield code="2">rdacarrier</subfield>
        </datafield>
        <datafield tag="490" ind1="1" ind2=" ">
            <subfield code="a">Studies in American literary realism &amp; naturalism</subfield>
        </datafield>
        <datafield tag="500" ind1=" " ind2=" ">
            <subfield code="a">Formerly CIP.</subfield>
            <subfield code="5">Uk</subfield>
        </datafield>
        <datafield tag="504" ind1=" " ind2=" ">
            <subfield code="a">Includes bibliographical references (p. [221]-223) and index.</subfield>
        </datafield>
        <datafield tag="505" ind1="0" ind2=" ">
            <subfield code="a">The innocents abroad (1869) -- Roughing it (1872) -- A tramp abroad (1880) -- Life on the Mississippi (1883) -- Following the equator (1897).</subfield>
        </datafield>
        <datafield tag="600" ind1="1" ind2="0">
            <subfield code="a">Twain, Mark,</subfield>
            <subfield code="d">1835-1910</subfield>
            <subfield code="x">Travel.</subfield>
        </datafield>
        <datafield tag="700" ind1="1" ind2=" ">
            <subfield code="a">Gribben, Alan.</subfield>
        </datafield>
        <datafield tag="700" ind1="1" ind2=" ">
            <subfield code="a">Melton, Jeffrey Alan,</subfield>
            <subfield code="d">1962-</subfield>
        </datafield>
        <datafield tag="830" ind1=" " ind2="0">
            <subfield code="a">Studies in American literary realism and naturalism.</subfield>
        </datafield>
    </record>