
    <record>
        <leader>00871pam a22002771a 4500</leader>
        <controlfield tag="001">014766073</controlfield>
        <controlfield tag="003">Uk</controlfield>
        <controlfield tag="005">20090721131914.0</controlfield>
        <controlfield tag="008">080929s2009    nyua          000 e eng d</controlfield>
        <datafield tag="010" ind1=" " ind2=" ">
            <subfield code="a">  2008034195</subfield>
        </datafield>
        <datafield tag="016" ind1="7" ind2=" ">
            <subfield code="a">014766073</subfield>
            <subfield code="2">Uk</subfield>
        </datafield>
        <datafield tag="020" ind1=" " ind2=" ">
            <subfield code="a">1591026857 (pbk.) :</subfield>
            <subfield code="c">£11.50</subfield>
        </datafield>
        <datafield tag="020" ind1=" " ind2=" ">
            <subfield code="a">9781591026853 (pbk.) :</subfield>
            <subfield code="c">£11.50</subfield>
        </datafield>
        <datafield tag="082" ind1="0" ind2="4">
            <subfield code="a">814.4</subfield>
            <subfield code="2">22</subfield>
        </datafield>
        <datafield tag="100" ind1="1" ind2=" ">
            <subfield code="a">Twain, Mark,</subfield>
            <subfield code="d">1835-1910.</subfield>
        </datafield>
        <datafield tag="245" ind1="1" ind2="0">
            <subfield code="a">What is man? :</subfield>
            <subfield code="b">and other irreverent essays /</subfield>
            <subfield code="c">Mark Twain ; edited by S.T. Joshi.</subfield>
        </datafield>
        <datafield tag="260" ind1=" " ind2=" ">
            <subfield code="a">Amherst, N.Y. :</subfield>
            <subfield code="b">Prometheus ;</subfield>
            <subfield code="a">Lancaster :</subfield>
            <subfield code="b">Gazelle [distributor],</subfield>
            <subfield code="c">c2009.</subfield>
        </datafield>
        <datafield tag="300" ind1=" " ind2=" ">
            <subfield code="a">229 p. :</subfield>
            <subfield code="b">ill. ;</subfield>
            <subfield code="c">23 cm.</subfield>
        </datafield>
        <datafield tag="336" ind1=" " ind2=" ">
            <subfield code="a">text</subfield>
            <subfield code="2">rdacontent</subfield>
        </datafield>
        <datafield tag="337" ind1=" " ind2=" ">
            <subfield code="a">unmediated</subfield>
            <subfield code="2">rdamedia</subfield>
        </datafield>
        <datafield tag="338" ind1=" " ind2=" ">
            <subfield code="a">volume</subfield>
            <subfield code="2">rdacarrier</subfield>
        </datafield>
        <datafield tag="500" ind1=" " ind2=" ">
            <subfield code="a">Formerly CIP.</subfield>
            <subfield code="5">Uk</subfield>
        </datafield>
        <datafield tag="700" ind1="1" ind2=" ">
            <subfield code="a">Joshi, S. T.,</subfield>
            <subfield code="d">1958-</subfield>
        </datafield>
    </record>