
    <record>
        <leader>01695pam a2200397 a 4500</leader>
        <controlfield tag="001">014647346</controlfield>
        <controlfield tag="003">Uk</controlfield>
        <controlfield tag="005">20100416153726.0</controlfield>
        <controlfield tag="008">071213s2008    ilua   c      000 1 eng  </controlfield>
        <datafield tag="010" ind1=" " ind2=" ">
            <subfield code="a">  2007045239</subfield>
        </datafield>
        <datafield tag="016" ind1="7" ind2=" ">
            <subfield code="a">014647346</subfield>
            <subfield code="2">Uk</subfield>
        </datafield>
        <datafield tag="020" ind1=" " ind2=" ">
            <subfield code="a">1402211678 (hbk.) :</subfield>
            <subfield code="c">£6.99</subfield>
        </datafield>
        <datafield tag="020" ind1=" " ind2=" ">
            <subfield code="a">9781402211676 (hbk.) :</subfield>
            <subfield code="c">£6.99</subfield>
        </datafield>
        <datafield tag="082" ind1="0" ind2="0">
            <subfield code="a">813.4</subfield>
            <subfield code="2">22</subfield>
        </datafield>
        <datafield tag="100" ind1="1" ind2=" ">
            <subfield code="a">Twain, Mark,</subfield>
            <subfield code="d">1835-1910.</subfield>
        </datafield>
        <datafield tag="245" ind1="1" ind2="4">
            <subfield code="a">The adventures of Tom Sawyer /</subfield>
            <subfield code="c">abridged from the original by Mark Twain ; illustrations by Francesca Greco.</subfield>
        </datafield>
        <datafield tag="260" ind1=" " ind2=" ">
            <subfield code="a">Naperville, Ill. :</subfield>
            <subfield code="b">Sourcebooks Jabberwocky,</subfield>
            <subfield code="c">2008.</subfield>
        </datafield>
        <datafield tag="300" ind1=" " ind2=" ">
            <subfield code="a">133 p. :</subfield>
            <subfield code="b">ill. ;</subfield>
            <subfield code="c">21 cm. +</subfield>
            <subfield code="e">1 sound disc (digital ; 4 3/4 in.)</subfield>
        </datafield>
        <datafield tag="336" ind1=" " ind2=" ">
            <subfield code="a">text</subfield>
            <subfield code="2">rdacontent</subfield>
        </datafield>
        <datafield tag="337" ind1=" " ind2=" ">
            <subfield code="a">unmediated</subfield>
            <subfield code="2">rdamedia</subfield>
        </datafield>
        <datafield tag="338" ind1=" " ind2=" ">
            <subfield code="a">volume</subfield>
            <subfield code="2">rdacarrier</subfield>
        </datafield>
        <datafield tag="500" ind1=" " ind2=" ">
            <subfield code="a">"CD narrated by Garrick Hogan."</subfield>
        </datafield>
        <datafield tag="520" ind1=" " ind2=" ">
            <subfield code="a">An abridged version of the classic story of a mischievous 19th-century boy in a Mississippi River town and his friends, Huck Finn and Becky Thatcher, as they run away from home, witness a murder, and find treasure in a cave. Accompanying CD has narration, music, and sound effects.</subfield>
        </datafield>
        <datafield tag="521" ind1="1" ind2=" ">
            <subfield code="a">Ages: 7 and up.</subfield>
        </datafield>
        <datafield tag="700" ind1="1" ind2=" ">
            <subfield code="a">Greco, Francesca,</subfield>
            <subfield code="e">ill.</subfield>
        </datafield>
    </record>