
    <record>
        <leader>01156pam a2200301 a 4500</leader>
        <controlfield tag="001">014621037</controlfield>
        <controlfield tag="003">Uk</controlfield>
        <controlfield tag="005">20100416143024.0</controlfield>
        <controlfield tag="008">080421s2008    nyu           000 1 eng d</controlfield>
        <datafield tag="016" ind1="7" ind2=" ">
            <subfield code="a">014621037</subfield>
            <subfield code="2">Uk</subfield>
        </datafield>
        <datafield tag="020" ind1=" " ind2=" ">
            <subfield code="a">0553213628 (pbk.) :</subfield>
            <subfield code="c">£4.99</subfield>
        </datafield>
        <datafield tag="082" ind1="0" ind2="4">
            <subfield code="a">813.308</subfield>
            <subfield code="2">22</subfield>
        </datafield>
        <datafield tag="245" ind1="0" ind2="0">
            <subfield code="a">Four great American classics.</subfield>
        </datafield>
        <datafield tag="260" ind1=" " ind2=" ">
            <subfield code="a">New York ;</subfield>
            <subfield code="a">London :</subfield>
            <subfield code="b">Bantam,</subfield>
            <subfield code="c">[2008?].</subfield>
        </datafield>
        <datafield tag="300" ind1=" " ind2=" ">
            <subfield code="a">1 v. (varoius pagings) ;</subfield>
            <subfield code="c">18 cm.</subfield>
        </datafield>
        <datafield tag="336" ind1=" " ind2=" ">
            <subfield code="a">text</subfield>
            <subfield code="2">rdacontent</subfield>
        </datafield>
        <datafield tag="337" ind1=" " ind2=" ">
            <subfield code="a">unmediated</subfield>
            <subfield code="2">rdamedia</subfield>
        </datafield>
        <datafield tag="338" ind1=" " ind2=" ">
            <subfield code="a">volume</subfield>
            <subfield code="2">rdacarrier</subfield>
        </datafield>
        <datafield tag="500" ind1=" " ind2=" ">
            <subfield code="a">Formerly CIP.</subfield>
            <subfield code="5">Uk</subfield>
        </datafield>
        <datafield tag="505" ind1="0" ind2=" ">
            <subfield code="a">Contents: The scarlet letter / Nathaniel Hawthorne - The adventures of Huckleberry Finn / Mark Twain - The red badge of courage / Stephen Crane - Billy Budd, Sailor / Herman Melville.</subfield>
        </datafield>
        <datafield tag="700" ind1="1" ind2=" ">
            <subfield code="a">Crane, Stephen,</subfield>
            <subfield code="d">1871-1900.</subfield>
            <subfield code="t">Red badge of courage.</subfield>
        </datafield>
        <datafield tag="700" ind1="1" ind2=" ">
            <subfield code="a">Hawthorne, Nathaniel,</subfield>
            <subfield code="d">1804-1864.</subfield>
            <subfield code="t">Scarlet letter.</subfield>
        </datafield>
        <datafield tag="700" ind1="1" ind2=" ">
            <subfield code="a">Melville, Herman,</subfield>
            <subfield code="d">1819-1891.</subfield>
            <subfield code="t">Billy Budd, sailor.</subfield>
        </datafield>
        <datafield tag="700" ind1="1" ind2=" ">
            <subfield code="a">Twain, Mark,</subfield>
            <subfield code="d">1835-1910.</subfield>
            <subfield code="t">Adventures of Huckleberry Finn.</subfield>
        </datafield>
    </record>