
    <record>
        <leader>00976nam a22003011a 4500</leader>
        <controlfield tag="001">013779126</controlfield>
        <controlfield tag="003">Uk</controlfield>
        <controlfield tag="005">20180218082900.0</controlfield>
        <controlfield tag="008">070618s2007    ctu           000 e eng d</controlfield>
        <datafield tag="016" ind1="7" ind2=" ">
            <subfield code="a">013779126</subfield>
            <subfield code="2">Uk</subfield>
        </datafield>
        <datafield tag="020" ind1=" " ind2=" ">
            <subfield code="a">1599210746 (pbk.) :</subfield>
            <subfield code="c">£10.99</subfield>
        </datafield>
        <datafield tag="020" ind1=" " ind2=" ">
            <subfield code="a">9781599210742 (pbk.) :</subfield>
            <subfield code="c">£10.99</subfield>
        </datafield>
        <datafield tag="082" ind1="0" ind2="4">
            <subfield code="a">818.409</subfield>
            <subfield code="2">22</subfield>
        </datafield>
        <datafield tag="100" ind1="1" ind2=" ">
            <subfield code="a">Twain, Mark,</subfield>
            <subfield code="d">1835-1910.</subfield>
        </datafield>
        <datafield tag="245" ind1="1" ind2="0">
            <subfield code="a">Mark Twain on travel /</subfield>
            <subfield code="c">edited by Terry Mort.</subfield>
        </datafield>
        <datafield tag="260" ind1=" " ind2=" ">
            <subfield code="a">Guilford, Conn. :</subfield>
            <subfield code="b">Globe Pequot ;</subfield>
            <subfield code="a">Northam :</subfield>
            <subfield code="b">Roundhouse [distributor],</subfield>
            <subfield code="c">2007.</subfield>
        </datafield>
        <datafield tag="300" ind1=" " ind2=" ">
            <subfield code="a">1 v. ;</subfield>
            <subfield code="c">24 cm.</subfield>
        </datafield>
        <datafield tag="336" ind1=" " ind2=" ">
            <subfield code="a">text</subfield>
            <subfield code="2">rdacontent</subfield>
        </datafield>
        <datafield tag="337" ind1=" " ind2=" ">
            <subfield code="a">unmediated</subfield>
            <subfield code="2">rdamedia</subfield>
        </datafield>
        <datafield tag="338" ind1=" " ind2=" ">
            <subfield code="a">volume</subfield>
            <subfield code="2">rdacarrier</subfield>
        </datafield>
        <datafield tag="500" ind1=" " ind2=" ">
            <subfield code="a">Formerly CIP.</subfield>
            <subfield code="5">Uk</subfield>
        </datafield>
        <datafield tag="600" ind1="1" ind2="0">
            <subfield code="a">Twain, Mark,</subfield>
            <subfield code="d">1835-1910</subfield>
            <subfield code="x">Travel.</subfield>
        </datafield>
        <datafield tag="700" ind1="1" ind2=" ">
            <subfield code="a">Mort, T. A.</subfield>
            <subfield code="q">(Terry A.).</subfield>
        </datafield>
    </record>