
    <record>
        <leader>00989nam a2200277 a 4500</leader>
        <controlfield tag="001">013684727</controlfield>
        <controlfield tag="003">Uk</controlfield>
        <controlfield tag="005">20080716141613.0</controlfield>
        <controlfield tag="008">070223s2006    enk           000 1 eng  </controlfield>
        <datafield tag="016" ind1="7" ind2=" ">
            <subfield code="a">013684727</subfield>
            <subfield code="2">Uk</subfield>
        </datafield>
        <datafield tag="020" ind1=" " ind2=" ">
            <subfield code="a">0954840186 (pbk.) :</subfield>
            <subfield code="c">No price</subfield>
        </datafield>
        <datafield tag="082" ind1="0" ind2="4">
            <subfield code="a">813.4</subfield>
            <subfield code="2">22</subfield>
        </datafield>
        <datafield tag="100" ind1="1" ind2=" ">
            <subfield code="a">Twain, Mark,</subfield>
            <subfield code="d">1835-1910.</subfield>
        </datafield>
        <datafield tag="240" ind1="1" ind2="0">
            <subfield code="a">Works.</subfield>
            <subfield code="k">Selections</subfield>
        </datafield>
        <datafield tag="245" ind1="1" ind2="0">
            <subfield code="a">Mark Twain :</subfield>
            <subfield code="b">10 books in 1.</subfield>
        </datafield>
        <datafield tag="246" ind1="3" ind2="4">
            <subfield code="a">10 in 1</subfield>
        </datafield>
        <datafield tag="246" ind1="3" ind2="8">
            <subfield code="a">10 books in one</subfield>
        </datafield>
        <datafield tag="260" ind1=" " ind2=" ">
            <subfield code="a">[London] :</subfield>
            <subfield code="b">Shoes and Ships and Sealing Wax,</subfield>
            <subfield code="c">2006.</subfield>
        </datafield>
        <datafield tag="300" ind1=" " ind2=" ">
            <subfield code="a">822 p. ;</subfield>
            <subfield code="c">25 cm.</subfield>
        </datafield>
        <datafield tag="336" ind1=" " ind2=" ">
            <subfield code="a">text</subfield>
            <subfield code="2">rdacontent</subfield>
        </datafield>
        <datafield tag="337" ind1=" " ind2=" ">
            <subfield code="a">unmediated</subfield>
            <subfield code="2">rdamedia</subfield>
        </datafield>
        <datafield tag="338" ind1=" " ind2=" ">
            <subfield code="a">volume</subfield>
            <subfield code="2">rdacarrier</subfield>
        </datafield>
        <datafield tag="505" ind1="0" ind2=" ">
            <subfield code="a">Adventures of Tom Sawyer -- Huckleberry Finn -- Tom Sawyer abroad -- Tom Sawyer, detective -- Life on the Mississippi -- Prince and the pauper -- Tragedy of Pudd'nhead Wilson -- Connecticut Yankee in King Arthur's court -- Roughing it -- Following the Equator.</subfield>
        </datafield>
    </record>