
    <record>
        <leader>00908nas a2200301 a 4500</leader>
        <controlfield tag="001">013593313</controlfield>
        <controlfield tag="003">Uk</controlfield>
        <controlfield tag="005">20230210010523.0</controlfield>
        <controlfield tag="007">ta</controlfield>
        <controlfield tag="008">061103c20039999ctuar p       0   a0eng  </controlfield>
        <datafield tag="022" ind1="0" ind2=" ">
            <subfield code="a">1553-0981</subfield>
        </datafield>
        <datafield tag="082" ind1="0" ind2="4">
            <subfield code="a">813.4</subfield>
            <subfield code="2">22</subfield>
        </datafield>
        <datafield tag="222" ind1=" " ind2="4">
            <subfield code="a">The Mark Twain annual</subfield>
        </datafield>
        <datafield tag="245" ind1="0" ind2="4">
            <subfield code="a">The Mark Twain annual :</subfield>
            <subfield code="b">the journal of the Mark Twain Circle of America.</subfield>
        </datafield>
        <datafield tag="260" ind1=" " ind2=" ">
            <subfield code="a">Rock Hill, S.C. ;</subfield>
            <subfield code="a">[Great Britain] :</subfield>
            <subfield code="b">Mark Twain Circle,</subfield>
            <subfield code="c">[2003]-</subfield>
        </datafield>
        <datafield tag="300" ind1=" " ind2=" ">
            <subfield code="a">v. ;</subfield>
            <subfield code="c">26 cm.</subfield>
        </datafield>
        <datafield tag="336" ind1=" " ind2=" ">
            <subfield code="a">text</subfield>
            <subfield code="2">rdacontent</subfield>
        </datafield>
        <datafield tag="337" ind1=" " ind2=" ">
            <subfield code="a">unmediated</subfield>
            <subfield code="2">rdamedia</subfield>
        </datafield>
        <datafield tag="338" ind1=" " ind2=" ">
            <subfield code="a">volume</subfield>
            <subfield code="2">rdacarrier</subfield>
        </datafield>
        <datafield tag="362" ind1="1" ind2=" ">
            <subfield code="a">Began in 2003</subfield>
        </datafield>
        <datafield tag="500" ind1=" " ind2=" ">
            <subfield code="a">Description based on: no. 3 (2005)</subfield>
        </datafield>
        <datafield tag="540" ind1=" " ind2=" ">
            <subfield code="a">Current Copyright Fee: GBP25.00</subfield>
            <subfield code="c">0</subfield>
            <subfield code="5">Uk</subfield>
        </datafield>
        <datafield tag="600" ind1="1" ind2="0">
            <subfield code="a">Twain, Mark,</subfield>
            <subfield code="d">1835-1910</subfield>
            <subfield code="v">Periodicals.</subfield>
        </datafield>
        <datafield tag="710" ind1="2" ind2=" ">
            <subfield code="a">Mark Twain Circle.</subfield>
        </datafield>
        <datafield tag="776" ind1="0" ind2=" ">
            <subfield code="t">Mark Twain annual</subfield>
            <subfield code="x">1756-2597</subfield>
        </datafield>
    </record>