
    <record>
        <leader>00868cam a2200301 a 4500</leader>
        <controlfield tag="001">013542246</controlfield>
        <controlfield tag="003">Uk</controlfield>
        <controlfield tag="005">20071211021540.0</controlfield>
        <controlfield tag="008">060704s2006    nyu           000 1 eng d</controlfield>
        <datafield tag="016" ind1="7" ind2=" ">
            <subfield code="a">013542246</subfield>
            <subfield code="2">Uk</subfield>
        </datafield>
        <datafield tag="020" ind1=" " ind2=" ">
            <subfield code="a">1419552295 (pbk.) :</subfield>
            <subfield code="c">£3.00</subfield>
        </datafield>
        <datafield tag="020" ind1=" " ind2=" ">
            <subfield code="a">9781419552298 (pbk.) :</subfield>
            <subfield code="c">£3.00</subfield>
        </datafield>
        <datafield tag="038" ind1=" " ind2=" ">
            <subfield code="a">Uk</subfield>
        </datafield>
        <datafield tag="082" ind1="0" ind2="4">
            <subfield code="a">428.64</subfield>
            <subfield code="2">22</subfield>
        </datafield>
        <datafield tag="100" ind1="1" ind2=" ">
            <subfield code="a">Twain, Mark,</subfield>
            <subfield code="d">1835-1910.</subfield>
        </datafield>
        <datafield tag="245" ind1="1" ind2="0">
            <subfield code="a">Learn English through classic literature :</subfield>
            <subfield code="b">the short stories and essays of Mark Twain.</subfield>
        </datafield>
        <datafield tag="246" ind1="3" ind2="0">
            <subfield code="a">Short stories and essays of Mark Twain</subfield>
        </datafield>
        <datafield tag="250" ind1=" " ind2=" ">
            <subfield code="a">2nd ed.</subfield>
        </datafield>
        <datafield tag="260" ind1=" " ind2=" ">
            <subfield code="a">New York :</subfield>
            <subfield code="b">Kaplan,</subfield>
            <subfield code="c">2006.</subfield>
        </datafield>
        <datafield tag="300" ind1=" " ind2=" ">
            <subfield code="a">xii, 291 p. ;</subfield>
            <subfield code="c">17 cm.</subfield>
        </datafield>
        <datafield tag="336" ind1=" " ind2=" ">
            <subfield code="a">text</subfield>
            <subfield code="2">rdacontent</subfield>
        </datafield>
        <datafield tag="337" ind1=" " ind2=" ">
            <subfield code="a">unmediated</subfield>
            <subfield code="2">rdamedia</subfield>
        </datafield>
        <datafield tag="338" ind1=" " ind2=" ">
            <subfield code="a">volume</subfield>
            <subfield code="2">rdacarrier</subfield>
        </datafield>
    </record>