
    <record>
        <leader>00749nam a2200253 a 4500</leader>
        <controlfield tag="001">013247731</controlfield>
        <controlfield tag="003">Uk</controlfield>
        <controlfield tag="005">20050707120627.0</controlfield>
        <controlfield tag="008">030520s1996    enka   j      000 1 eng  </controlfield>
        <datafield tag="020" ind1=" " ind2=" ">
            <subfield code="a">0563380136 (pbk.) :</subfield>
            <subfield code="c">£3.99</subfield>
        </datafield>
        <datafield tag="082" ind1="1" ind2="4">
            <subfield code="a">813.4</subfield>
            <subfield code="2">22</subfield>
        </datafield>
        <datafield tag="100" ind1="1" ind2=" ">
            <subfield code="a">Twain, Mark,</subfield>
            <subfield code="d">1835-1910.</subfield>
        </datafield>
        <datafield tag="245" ind1="1" ind2="4">
            <subfield code="a">The prince and the pauper /</subfield>
            <subfield code="c">[Mark Twain].</subfield>
        </datafield>
        <datafield tag="260" ind1=" " ind2=" ">
            <subfield code="a">London :</subfield>
            <subfield code="b">BBC Children's,</subfield>
            <subfield code="c">1996.</subfield>
        </datafield>
        <datafield tag="300" ind1=" " ind2=" ">
            <subfield code="a">184 p., [8] p. of plates :</subfield>
            <subfield code="b">col. ill ;</subfield>
            <subfield code="c">20 cm.</subfield>
        </datafield>
        <datafield tag="336" ind1=" " ind2=" ">
            <subfield code="a">text</subfield>
            <subfield code="2">rdacontent</subfield>
        </datafield>
        <datafield tag="337" ind1=" " ind2=" ">
            <subfield code="a">unmediated</subfield>
            <subfield code="2">rdamedia</subfield>
        </datafield>
        <datafield tag="338" ind1=" " ind2=" ">
            <subfield code="a">volume</subfield>
            <subfield code="2">rdacarrier</subfield>
        </datafield>
        <datafield tag="500" ind1=" " ind2=" ">
            <subfield code="a">TV tie-in.</subfield>
        </datafield>
    </record>