
    <record>
        <leader>00889aam a2200253 a 4500</leader>
        <controlfield tag="001">013178035</controlfield>
        <controlfield tag="003">Uk</controlfield>
        <controlfield tag="005">20060714115151.0</controlfield>
        <controlfield tag="008">050426r19801980enkh          000 j eng c</controlfield>
        <datafield tag="016" ind1="7" ind2=" ">
            <subfield code="a">013178035</subfield>
            <subfield code="2">Uk</subfield>
        </datafield>
        <datafield tag="020" ind1=" " ind2=" ">
            <subfield code="a">0520238931 (pbk.) :</subfield>
            <subfield code="c">No price</subfield>
        </datafield>
        <datafield tag="082" ind1="0" ind2="4">
            <subfield code="a">813.4</subfield>
            <subfield code="2">22</subfield>
        </datafield>
        <datafield tag="100" ind1="1" ind2=" ">
            <subfield code="a">Twain, Mark,</subfield>
            <subfield code="d">1835-1910.</subfield>
        </datafield>
        <datafield tag="243" ind1="1" ind2="0">
            <subfield code="a">Selections.</subfield>
            <subfield code="f">1980</subfield>
        </datafield>
        <datafield tag="245" ind1="1" ind2="4">
            <subfield code="a">The Devil's Race-Track :</subfield>
            <subfield code="b">Mark Twain's great dark writings : the best from 'Which was the dream?' and 'Fables of man' /</subfield>
            <subfield code="c">edited by John S. Tuckey.</subfield>
        </datafield>
        <datafield tag="260" ind1=" " ind2=" ">
            <subfield code="a">Berkeley ;</subfield>
            <subfield code="a">London :</subfield>
            <subfield code="b">University of California Press,</subfield>
            <subfield code="c">1980</subfield>
            <subfield code="g">(2005? printing)</subfield>
        </datafield>
        <datafield tag="300" ind1=" " ind2=" ">
            <subfield code="a">xx, 385p. ;</subfield>
            <subfield code="b">2 facsims. ;</subfield>
            <subfield code="c">23 cm.</subfield>
        </datafield>
        <datafield tag="336" ind1=" " ind2=" ">
            <subfield code="a">text</subfield>
            <subfield code="2">rdacontent</subfield>
        </datafield>
        <datafield tag="337" ind1=" " ind2=" ">
            <subfield code="a">unmediated</subfield>
            <subfield code="2">rdamedia</subfield>
        </datafield>
        <datafield tag="338" ind1=" " ind2=" ">
            <subfield code="a">volume</subfield>
            <subfield code="2">rdacarrier</subfield>
        </datafield>
        <datafield tag="700" ind1="1" ind2=" ">
            <subfield code="a">Tuckey, John Sutton,</subfield>
            <subfield code="d">1921-</subfield>
        </datafield>
    </record>