
    <record>
        <leader>01420aam a2200385 a 4500</leader>
        <controlfield tag="001">013170172</controlfield>
        <controlfield tag="003">Uk</controlfield>
        <controlfield tag="005">20061124191501.0</controlfield>
        <controlfield tag="008">041119r20051885nyua          000 1 eng  </controlfield>
        <datafield tag="010" ind1=" " ind2=" ">
            <subfield code="a">  2004063463</subfield>
        </datafield>
        <datafield tag="016" ind1="7" ind2=" ">
            <subfield code="a">013170172</subfield>
            <subfield code="2">Uk</subfield>
        </datafield>
        <datafield tag="020" ind1=" " ind2=" ">
            <subfield code="a">0486443221 :</subfield>
            <subfield code="c">£12.95</subfield>
        </datafield>
        <datafield tag="082" ind1="0" ind2="4">
            <subfield code="a">813.4</subfield>
            <subfield code="2">22</subfield>
        </datafield>
        <datafield tag="100" ind1="1" ind2=" ">
            <subfield code="a">Twain, Mark,</subfield>
            <subfield code="d">1835-1910.</subfield>
        </datafield>
        <datafield tag="245" ind1="1" ind2="0">
            <subfield code="a">Adventures of Huckleberry Finn /</subfield>
            <subfield code="c">Mark Twain ; with illustrations by E.W. Kemble.</subfield>
        </datafield>
        <datafield tag="260" ind1=" " ind2=" ">
            <subfield code="a">Mineola, N.Y. :</subfield>
            <subfield code="b">Dover,</subfield>
            <subfield code="a">[Newton Abbot :</subfield>
            <subfield code="b">David &amp; Charles, distributor],</subfield>
            <subfield code="c">2005.</subfield>
        </datafield>
        <datafield tag="300" ind1=" " ind2=" ">
            <subfield code="a">xiii, 350 p. :</subfield>
            <subfield code="b">174 ill. ;</subfield>
            <subfield code="c">22 cm.</subfield>
        </datafield>
        <datafield tag="336" ind1=" " ind2=" ">
            <subfield code="a">text</subfield>
            <subfield code="2">rdacontent</subfield>
        </datafield>
        <datafield tag="337" ind1=" " ind2=" ">
            <subfield code="a">unmediated</subfield>
            <subfield code="2">rdamedia</subfield>
        </datafield>
        <datafield tag="338" ind1=" " ind2=" ">
            <subfield code="a">volume</subfield>
            <subfield code="2">rdacarrier</subfield>
        </datafield>
        <datafield tag="500" ind1=" " ind2=" ">
            <subfield code="a">"Unabridged republication of Adventures of Huckleberry Finn (Tom Sawyer's comrade) originally published by Charles L. Webster and Co., New York, in 1885"--T.p. verso.</subfield>
        </datafield>
        <datafield tag="500" ind1=" " ind2=" ">
            <subfield code="a">Formerly CIP.</subfield>
            <subfield code="5">Uk</subfield>
        </datafield>
        <datafield tag="700" ind1="1" ind2=" ">
            <subfield code="a">Kemble, E. W.</subfield>
            <subfield code="q">(Edward Windsor),</subfield>
            <subfield code="d">1861-1933.</subfield>
        </datafield>
    </record>