
    <record>
        <leader>01401pam a2200385 a 4500</leader>
        <controlfield tag="001">012959088</controlfield>
        <controlfield tag="003">Uk</controlfield>
        <controlfield tag="005">20060307095230.0</controlfield>
        <controlfield tag="008">040705s2004    cauac    b    000 0 eng  </controlfield>
        <datafield tag="016" ind1="7" ind2=" ">
            <subfield code="a">012959088</subfield>
            <subfield code="2">Uk</subfield>
        </datafield>
        <datafield tag="020" ind1=" " ind2=" ">
            <subfield code="a">0520242459 (hbk.) :</subfield>
            <subfield code="c">£12.95</subfield>
        </datafield>
        <datafield tag="082" ind1="0" ind2="4">
            <subfield code="a">818.409</subfield>
            <subfield code="2">22</subfield>
        </datafield>
        <datafield tag="100" ind1="1" ind2=" ">
            <subfield code="a">Twain, Mark,</subfield>
            <subfield code="d">1835-1910.</subfield>
        </datafield>
        <datafield tag="245" ind1="1" ind2="0">
            <subfield code="a">Mark Twain's helpful hints for good living :</subfield>
            <subfield code="b">a handbook for the damned human race /</subfield>
            <subfield code="c">edited by Lin Salamo, Victor Fischer, and Michael B. Frank of the Mark Twain Project.</subfield>
        </datafield>
        <datafield tag="260" ind1=" " ind2=" ">
            <subfield code="a">Berkeley, Calif. ;</subfield>
            <subfield code="a">London :</subfield>
            <subfield code="b">University of California Press,</subfield>
            <subfield code="c">c2004.</subfield>
        </datafield>
        <datafield tag="300" ind1=" " ind2=" ">
            <subfield code="a">xiv, 207 p. :</subfield>
            <subfield code="b">ill. ;</subfield>
            <subfield code="c">21 cm.</subfield>
        </datafield>
        <datafield tag="336" ind1=" " ind2=" ">
            <subfield code="a">text</subfield>
            <subfield code="2">rdacontent</subfield>
        </datafield>
        <datafield tag="337" ind1=" " ind2=" ">
            <subfield code="a">unmediated</subfield>
            <subfield code="2">rdamedia</subfield>
        </datafield>
        <datafield tag="338" ind1=" " ind2=" ">
            <subfield code="a">volume</subfield>
            <subfield code="2">rdacarrier</subfield>
        </datafield>
        <datafield tag="490" ind1="1" ind2=" ">
            <subfield code="a">Jumping frogs ;</subfield>
            <subfield code="v">2</subfield>
        </datafield>
        <datafield tag="500" ind1=" " ind2=" ">
            <subfield code="a">Formerly CIP.</subfield>
            <subfield code="5">Uk</subfield>
        </datafield>
        <datafield tag="504" ind1=" " ind2=" ">
            <subfield code="a">Includes bibliographical references.</subfield>
        </datafield>
        <datafield tag="600" ind1="1" ind2="0">
            <subfield code="a">Twain, Mark,</subfield>
            <subfield code="d">1835-1910</subfield>
            <subfield code="v">Quotations.</subfield>
        </datafield>
        <datafield tag="600" ind1="1" ind2="4">
            <subfield code="a">Twain, Mark,</subfield>
            <subfield code="d">1835-1910</subfield>
            <subfield code="v">Quotations.</subfield>
        </datafield>
        <datafield tag="700" ind1="1" ind2=" ">
            <subfield code="a">Fischer, Victor,</subfield>
            <subfield code="d">1942-</subfield>
        </datafield>
        <datafield tag="700" ind1="1" ind2=" ">
            <subfield code="a">Frank, Michael B.</subfield>
        </datafield>
        <datafield tag="700" ind1="1" ind2=" ">
            <subfield code="a">Salamo, Lin.</subfield>
        </datafield>
        <datafield tag="710" ind1="2" ind2=" ">
            <subfield code="a">Bancroft Library.</subfield>
            <subfield code="b">Mark Twain Project.</subfield>
        </datafield>
        <datafield tag="800" ind1="1" ind2=" ">
            <subfield code="a">Twain, Mark,</subfield>
            <subfield code="d">1835-1910.</subfield>
            <subfield code="t">Jumping frogs ;</subfield>
            <subfield code="v">2.</subfield>
        </datafield>
    </record>