
    <record>
        <leader>00835 am a22002777a 4500</leader>
        <controlfield tag="001">012596126</controlfield>
        <controlfield tag="003">Uk</controlfield>
        <controlfield tag="005">20091123022900.0</controlfield>
        <controlfield tag="008">940321s1992    enk    ||     000 1|eng  </controlfield>
        <datafield tag="019" ind1="1" ind2=" ">
            <subfield code="a">0195853334</subfield>
        </datafield>
        <datafield tag="019" ind1="9" ind2=" ">
            <subfield code="a">0195853334</subfield>
        </datafield>
        <datafield tag="019" ind1="y" ind2=" ">
            <subfield code="a">b9422455</subfield>
        </datafield>
        <datafield tag="020" ind1=" " ind2=" ">
            <subfield code="a">0195853334 (pbk) :</subfield>
            <subfield code="c">£2.65</subfield>
        </datafield>
        <datafield tag="039" ind1="0" ind2=" ">
            <subfield code="a">2283</subfield>
        </datafield>
        <datafield tag="082" ind1="0" ind2="4">
            <subfield code="a">428.6</subfield>
            <subfield code="2">20</subfield>
        </datafield>
        <datafield tag="245" ind1="0" ind2="4">
            <subfield code="a">The adventures of Tom Sawyer /</subfield>
            <subfield code="c">Mark Twain.</subfield>
        </datafield>
        <datafield tag="260" ind1=" " ind2=" ">
            <subfield code="a">Hong Kong ;</subfield>
            <subfield code="a">Oxford :</subfield>
            <subfield code="b">Oxford University Press,</subfield>
            <subfield code="c">1992.</subfield>
        </datafield>
        <datafield tag="300" ind1=" " ind2=" ">
            <subfield code="a">89p.</subfield>
        </datafield>
        <datafield tag="336" ind1=" " ind2=" ">
            <subfield code="a">text</subfield>
            <subfield code="2">rdacontent</subfield>
        </datafield>
        <datafield tag="337" ind1=" " ind2=" ">
            <subfield code="a">unmediated</subfield>
            <subfield code="2">rdamedia</subfield>
        </datafield>
        <datafield tag="338" ind1=" " ind2=" ">
            <subfield code="a">volume</subfield>
            <subfield code="2">rdacarrier</subfield>
        </datafield>
        <datafield tag="700" ind1="1" ind2=" ">
            <subfield code="a">Twain, Mark,</subfield>
            <subfield code="d">1835-1910.</subfield>
            <subfield code="t">Adventures of Tom Sawyer.</subfield>
        </datafield>
    </record>