
    <record>
        <leader>01446 am a2200373ua 4500</leader>
        <controlfield tag="001">012590049</controlfield>
        <controlfield tag="003">Uk</controlfield>
        <controlfield tag="005">20091123022600.0</controlfield>
        <controlfield tag="008">970414r19961869enkach ||     000 ||eng  </controlfield>
        <datafield tag="010" ind1=" " ind2=" ">
            <subfield code="a">96012306</subfield>
        </datafield>
        <datafield tag="019" ind1="1" ind2=" ">
            <subfield code="a">0195101324</subfield>
        </datafield>
        <datafield tag="019" ind1="9" ind2=" ">
            <subfield code="a">0195101324</subfield>
        </datafield>
        <datafield tag="019" ind1="y" ind2=" ">
            <subfield code="a">b9728894</subfield>
        </datafield>
        <datafield tag="020" ind1=" " ind2=" ">
            <subfield code="a">0195090888 (trade ed. set) :</subfield>
            <subfield code="c">no price</subfield>
        </datafield>
        <datafield tag="020" ind1=" " ind2=" ">
            <subfield code="a">0195101324 :</subfield>
            <subfield code="c">£19.99</subfield>
        </datafield>
        <datafield tag="020" ind1=" " ind2=" ">
            <subfield code="a">0195113454 (lib. ed. set) :</subfield>
            <subfield code="c">no price</subfield>
        </datafield>
        <datafield tag="020" ind1=" " ind2=" ">
            <subfield code="a">0195114027 (lib. ed.) :</subfield>
            <subfield code="c">No price</subfield>
        </datafield>
        <datafield tag="039" ind1="0" ind2=" ">
            <subfield code="a">2436</subfield>
        </datafield>
        <datafield tag="082" ind1="0" ind2="4">
            <subfield code="a">914.04286</subfield>
            <subfield code="2">21</subfield>
        </datafield>
        <datafield tag="100" ind1="1" ind2=" ">
            <subfield code="a">Twain, Mark,</subfield>
            <subfield code="d">1835-1910.</subfield>
        </datafield>
        <datafield tag="240" ind1="1" ind2="0">
            <subfield code="a">Innocents abroad, or, The new pilgrims progress</subfield>
        </datafield>
        <datafield tag="245" ind1="1" ind2="4">
            <subfield code="a">The innocents abroad /</subfield>
            <subfield code="c">Mark Twain ; foreword, Shelley Fisher Fishkin ; introduction, Mordecai Richler ; afterword, David E.E. Sloane.</subfield>
        </datafield>
        <datafield tag="260" ind1=" " ind2=" ">
            <subfield code="a">New York ;</subfield>
            <subfield code="a">Oxford :</subfield>
            <subfield code="b">Oxford University Press,</subfield>
            <subfield code="c">1996.</subfield>
        </datafield>
        <datafield tag="300" ind1=" " ind2=" ">
            <subfield code="a">xlv, 651p. :</subfield>
            <subfield code="b">ill., facsims., ports. ;</subfield>
            <subfield code="c">23cm.</subfield>
        </datafield>
        <datafield tag="336" ind1=" " ind2=" ">
            <subfield code="a">text</subfield>
            <subfield code="2">rdacontent</subfield>
        </datafield>
        <datafield tag="337" ind1=" " ind2=" ">
            <subfield code="a">unmediated</subfield>
            <subfield code="2">rdamedia</subfield>
        </datafield>
        <datafield tag="338" ind1=" " ind2=" ">
            <subfield code="a">volume</subfield>
            <subfield code="2">rdacarrier</subfield>
        </datafield>
        <datafield tag="490" ind1="0" ind2=" ">
            <subfield code="a">The Oxford Mark Twain</subfield>
        </datafield>
        <datafield tag="500" ind1=" " ind2=" ">
            <subfield code="a">Facsim of ed. originally published as: The innocents abroad, or, The new pilgrims' progresss. Hartford, Conn. : American Publishing Company, 1869.</subfield>
        </datafield>
    </record>