
    <record>
        <leader>00868 am a2200289ua 4500</leader>
        <controlfield tag="001">012487735</controlfield>
        <controlfield tag="003">Uk</controlfield>
        <controlfield tag="005">20091123015300.0</controlfield>
        <controlfield tag="008">931116s1993    enka   ||     000 1|eng  </controlfield>
        <datafield tag="019" ind1="1" ind2=" ">
            <subfield code="a">b9365398</subfield>
        </datafield>
        <datafield tag="019" ind1="9" ind2=" ">
            <subfield code="a">b9365398</subfield>
        </datafield>
        <datafield tag="019" ind1="y" ind2=" ">
            <subfield code="a">b9365398</subfield>
        </datafield>
        <datafield tag="020" ind1=" " ind2=" ">
            <subfield code="c">£19.50</subfield>
        </datafield>
        <datafield tag="039" ind1="0" ind2=" ">
            <subfield code="a">2267</subfield>
        </datafield>
        <datafield tag="082" ind1="0" ind2="4">
            <subfield code="a">813.4</subfield>
            <subfield code="2">20</subfield>
        </datafield>
        <datafield tag="100" ind1="1" ind2=" ">
            <subfield code="a">Twain, Mark,</subfield>
            <subfield code="d">1835-1910.</subfield>
        </datafield>
        <datafield tag="245" ind1="1" ind2="4">
            <subfield code="a">The adventures of Huckleberry Finn /</subfield>
            <subfield code="c">Mark Twain ; introduction by Colin Ward ; wood engravings by Harry Brockway.</subfield>
        </datafield>
        <datafield tag="260" ind1=" " ind2=" ">
            <subfield code="a">London :</subfield>
            <subfield code="b">Folio Society,</subfield>
            <subfield code="c">1993.</subfield>
        </datafield>
        <datafield tag="300" ind1=" " ind2=" ">
            <subfield code="a">xv,288p. :</subfield>
            <subfield code="b">ill. ;</subfield>
            <subfield code="c">23cm.</subfield>
        </datafield>
        <datafield tag="336" ind1=" " ind2=" ">
            <subfield code="a">text</subfield>
            <subfield code="2">rdacontent</subfield>
        </datafield>
        <datafield tag="337" ind1=" " ind2=" ">
            <subfield code="a">unmediated</subfield>
            <subfield code="2">rdamedia</subfield>
        </datafield>
        <datafield tag="338" ind1=" " ind2=" ">
            <subfield code="a">volume</subfield>
            <subfield code="2">rdacarrier</subfield>
        </datafield>
    </record>