
    <record>
        <leader>01199 am a2200349ua 4500</leader>
        <controlfield tag="001">011944108</controlfield>
        <controlfield tag="003">Uk</controlfield>
        <controlfield tag="005">20091122233700.0</controlfield>
        <controlfield tag="008">941004s1994    enka   j|     000 1|eng  </controlfield>
        <datafield tag="019" ind1="1" ind2=" ">
            <subfield code="a">0194227243</subfield>
        </datafield>
        <datafield tag="019" ind1="9" ind2=" ">
            <subfield code="a">0194227243</subfield>
        </datafield>
        <datafield tag="019" ind1="y" ind2=" ">
            <subfield code="a">b9476857</subfield>
        </datafield>
        <datafield tag="020" ind1=" " ind2=" ">
            <subfield code="a">0194227243 (pbk) :</subfield>
            <subfield code="c">£1.60</subfield>
        </datafield>
        <datafield tag="039" ind1="0" ind2=" ">
            <subfield code="a">2310</subfield>
        </datafield>
        <datafield tag="082" ind1="0" ind2="4">
            <subfield code="a">428.6</subfield>
            <subfield code="2">20</subfield>
        </datafield>
        <datafield tag="100" ind1="1" ind2=" ">
            <subfield code="a">Mowat, Diane.</subfield>
        </datafield>
        <datafield tag="245" ind1="1" ind2="4">
            <subfield code="a">The adventures of Huckleberry Finn /</subfield>
            <subfield code="c">Mark Twain ; retold by Diane Mowat ; illustrated by Paul Fisher Johnson.</subfield>
        </datafield>
        <datafield tag="246" ind1="3" ind2=" ">
            <subfield code="a">Huckleberry Finn</subfield>
        </datafield>
        <datafield tag="260" ind1=" " ind2=" ">
            <subfield code="a">Oxford :</subfield>
            <subfield code="b">Oxford University Press,</subfield>
            <subfield code="c">1994.</subfield>
        </datafield>
        <datafield tag="300" ind1=" " ind2=" ">
            <subfield code="a">44p. :</subfield>
            <subfield code="b">ill. ;</subfield>
            <subfield code="c">20cm.</subfield>
        </datafield>
        <datafield tag="336" ind1=" " ind2=" ">
            <subfield code="a">text</subfield>
            <subfield code="2">rdacontent</subfield>
        </datafield>
        <datafield tag="337" ind1=" " ind2=" ">
            <subfield code="a">unmediated</subfield>
            <subfield code="2">rdamedia</subfield>
        </datafield>
        <datafield tag="338" ind1=" " ind2=" ">
            <subfield code="a">volume</subfield>
            <subfield code="2">rdacarrier</subfield>
        </datafield>
        <datafield tag="490" ind1="0" ind2=" ">
            <subfield code="a">Oxford bookworms. Stage 2</subfield>
        </datafield>
        <datafield tag="500" ind1=" " ind2=" ">
            <subfield code="a">Cover and spine title: Huckleberry Finn.</subfield>
        </datafield>
        <datafield tag="700" ind1="1" ind2=" ">
            <subfield code="a">Fisher-Johnson, Paul.</subfield>
        </datafield>
        <datafield tag="700" ind1="1" ind2=" ">
            <subfield code="a">Twain, Mark,</subfield>
            <subfield code="d">1835-1910.</subfield>
            <subfield code="t">Adventures of Huckleberry Finn.</subfield>
        </datafield>
    </record>