
    <record>
        <leader>01256 am a2200373ua 4500</leader>
        <controlfield tag="001">011942483</controlfield>
        <controlfield tag="003">Uk</controlfield>
        <controlfield tag="005">20140809182900.0</controlfield>
        <controlfield tag="008">030506s1997    enka   ||b    000 1|eng  </controlfield>
        <datafield tag="010" ind1=" " ind2=" ">
            <subfield code="a">96032009</subfield>
        </datafield>
        <datafield tag="019" ind1="1" ind2=" ">
            <subfield code="a">0192827219</subfield>
        </datafield>
        <datafield tag="019" ind1="9" ind2=" ">
            <subfield code="a">0192827219</subfield>
        </datafield>
        <datafield tag="019" ind1="y" ind2=" ">
            <subfield code="a">bA334146</subfield>
        </datafield>
        <datafield tag="020" ind1=" " ind2=" ">
            <subfield code="a">0192827219 (pbk.) :</subfield>
            <subfield code="c">£6.99</subfield>
        </datafield>
        <datafield tag="039" ind1="0" ind2=" ">
            <subfield code="a">2741</subfield>
        </datafield>
        <datafield tag="082" ind1="0" ind2="4">
            <subfield code="a">813.4</subfield>
            <subfield code="2">20</subfield>
        </datafield>
        <datafield tag="100" ind1="1" ind2=" ">
            <subfield code="a">Twain, Mark,</subfield>
            <subfield code="d">1835-1910.</subfield>
        </datafield>
        <datafield tag="245" ind1="1" ind2="2">
            <subfield code="a">A Connecticut Yankee in King Arthur's court /</subfield>
            <subfield code="c">Mark Twain ; edited with an introduction and notes by M. Thomas Inge.</subfield>
        </datafield>
        <datafield tag="260" ind1=" " ind2=" ">
            <subfield code="a">Oxford ;</subfield>
            <subfield code="a">New York :</subfield>
            <subfield code="b">Oxford University Press,</subfield>
            <subfield code="c">1997.</subfield>
        </datafield>
        <datafield tag="300" ind1=" " ind2=" ">
            <subfield code="a">xxv, 360 p. :</subfield>
            <subfield code="b">ill. ;</subfield>
            <subfield code="c">19 cm.</subfield>
        </datafield>
        <datafield tag="336" ind1=" " ind2=" ">
            <subfield code="a">text</subfield>
            <subfield code="2">rdacontent</subfield>
        </datafield>
        <datafield tag="337" ind1=" " ind2=" ">
            <subfield code="a">unmediated</subfield>
            <subfield code="2">rdamedia</subfield>
        </datafield>
        <datafield tag="338" ind1=" " ind2=" ">
            <subfield code="a">volume</subfield>
            <subfield code="2">rdacarrier</subfield>
        </datafield>
        <datafield tag="490" ind1="1" ind2=" ">
            <subfield code="a">The world's classics</subfield>
        </datafield>
        <datafield tag="504" ind1=" " ind2=" ">
            <subfield code="a">Includes bibliographical references.</subfield>
        </datafield>
        <datafield tag="700" ind1="1" ind2=" ">
            <subfield code="a">Inge, M. Thomas.</subfield>
        </datafield>
        <datafield tag="830" ind1=" " ind2="0">
            <subfield code="a">World's classics.</subfield>
        </datafield>
    </record>