
    <record>
        <leader>01024 am a2200313ua 4500</leader>
        <controlfield tag="001">011817155</controlfield>
        <controlfield tag="003">Uk</controlfield>
        <controlfield tag="005">20091122191900.0</controlfield>
        <controlfield tag="008">880512r19851869enkc   ||     000 |aeng  </controlfield>
        <datafield tag="019" ind1="1" ind2=" ">
            <subfield code="a">b8835442</subfield>
        </datafield>
        <datafield tag="019" ind1="9" ind2=" ">
            <subfield code="a">b8835442</subfield>
        </datafield>
        <datafield tag="019" ind1="y" ind2=" ">
            <subfield code="a">b8835442</subfield>
        </datafield>
        <datafield tag="020" ind1=" " ind2=" ">
            <subfield code="c">£4.95</subfield>
        </datafield>
        <datafield tag="020" ind1=" " ind2=" ">
            <subfield code="z">00042467310</subfield>
        </datafield>
        <datafield tag="039" ind1="0" ind2=" ">
            <subfield code="a">1988</subfield>
        </datafield>
        <datafield tag="082" ind1="0" ind2="4">
            <subfield code="a">910/.091822</subfield>
            <subfield code="2">19</subfield>
        </datafield>
        <datafield tag="100" ind1="1" ind2=" ">
            <subfield code="a">Twain, Mark,</subfield>
            <subfield code="d">1835-1910.</subfield>
        </datafield>
        <datafield tag="240" ind1="1" ind2="4">
            <subfield code="a">The Innocents abroad, or, The new pilgrims progress</subfield>
        </datafield>
        <datafield tag="245" ind1="1" ind2="4">
            <subfield code="a">The innocents abroad /</subfield>
            <subfield code="c">Mark Twain ; with an introduction by DeLancey Ferguson.</subfield>
        </datafield>
        <datafield tag="260" ind1=" " ind2=" ">
            <subfield code="a">London :</subfield>
            <subfield code="b">Collins,</subfield>
            <subfield code="c">1954</subfield>
            <subfield code="g">(1985 [printing])</subfield>
        </datafield>
        <datafield tag="300" ind1=" " ind2=" ">
            <subfield code="a">347p. :</subfield>
            <subfield code="b">1port. ;</subfield>
            <subfield code="c">19cm.</subfield>
        </datafield>
        <datafield tag="336" ind1=" " ind2=" ">
            <subfield code="a">text</subfield>
            <subfield code="2">rdacontent</subfield>
        </datafield>
        <datafield tag="337" ind1=" " ind2=" ">
            <subfield code="a">unmediated</subfield>
            <subfield code="2">rdamedia</subfield>
        </datafield>
        <datafield tag="338" ind1=" " ind2=" ">
            <subfield code="a">volume</subfield>
            <subfield code="2">rdacarrier</subfield>
        </datafield>
        <datafield tag="500" ind1=" " ind2=" ">
            <subfield code="a">Originally published: Hartford : American Publishing, 1869.</subfield>
        </datafield>
    </record>