
    <record>
        <leader>00971 am a2200325ua 4500</leader>
        <controlfield tag="001">011592850</controlfield>
        <controlfield tag="003">Uk</controlfield>
        <controlfield tag="005">20060324144905.0</controlfield>
        <controlfield tag="008">701008s1970    enk     |     000 | eng  </controlfield>
        <datafield tag="019" ind1="9" ind2=" ">
            <subfield code="a">0710068123</subfield>
        </datafield>
        <datafield tag="019" ind1="x" ind2=" ">
            <subfield code="a">3435190272</subfield>
        </datafield>
        <datafield tag="019" ind1="y" ind2=" ">
            <subfield code="a">B7023329</subfield>
        </datafield>
        <datafield tag="020" ind1=" " ind2=" ">
            <subfield code="a">0710068123 :</subfield>
            <subfield code="c">24/-</subfield>
        </datafield>
        <datafield tag="020" ind1=" " ind2=" ">
            <subfield code="a">0710068131 (pbk.) :</subfield>
            <subfield code="c">12/-</subfield>
        </datafield>
        <datafield tag="082" ind1="0" ind2="4">
            <subfield code="a">817.4</subfield>
            <subfield code="2">18</subfield>
        </datafield>
        <datafield tag="100" ind1="1" ind2=" ">
            <subfield code="a">Walker, I. M.</subfield>
            <subfield code="q">(Ian Malcolm),</subfield>
            <subfield code="d">1937-</subfield>
        </datafield>
        <datafield tag="245" ind1="1" ind2="0">
            <subfield code="a">Mark Twain /</subfield>
            <subfield code="c">by I. M. Walker.</subfield>
        </datafield>
        <datafield tag="260" ind1=" " ind2=" ">
            <subfield code="a">London :</subfield>
            <subfield code="b">Routledge &amp; K. Paul,</subfield>
            <subfield code="c">1970.</subfield>
        </datafield>
        <datafield tag="300" ind1=" " ind2=" ">
            <subfield code="a">viii,104p. ;</subfield>
            <subfield code="c">19cm.</subfield>
        </datafield>
        <datafield tag="336" ind1=" " ind2=" ">
            <subfield code="a">text</subfield>
            <subfield code="2">rdacontent</subfield>
        </datafield>
        <datafield tag="337" ind1=" " ind2=" ">
            <subfield code="a">unmediated</subfield>
            <subfield code="2">rdamedia</subfield>
        </datafield>
        <datafield tag="338" ind1=" " ind2=" ">
            <subfield code="a">volume</subfield>
            <subfield code="2">rdacarrier</subfield>
        </datafield>
        <datafield tag="490" ind1="1" ind2=" ">
            <subfield code="a">The profiles in literature series</subfield>
        </datafield>
        <datafield tag="504" ind1=" " ind2=" ">
            <subfield code="a">bibl p100-104.</subfield>
        </datafield>
        <datafield tag="600" ind1="1" ind2="0">
            <subfield code="a">Twain, Mark,</subfield>
            <subfield code="d">1835-1910.</subfield>
        </datafield>
        <datafield tag="700" ind1="1" ind2=" ">
            <subfield code="a">Twain, Mark,</subfield>
            <subfield code="d">1835-1910.</subfield>
            <subfield code="t">Works.</subfield>
            <subfield code="k">Selections.</subfield>
        </datafield>
        <datafield tag="830" ind1=" " ind2="0">
            <subfield code="a">Profiles in literature series.</subfield>
        </datafield>
    </record>