
    <record>
        <leader>00789 am a22002293u 4500</leader>
        <controlfield tag="001">011558665</controlfield>
        <controlfield tag="003">Uk</controlfield>
        <controlfield tag="005">20181228185400.0</controlfield>
        <controlfield tag="008">741221s1960    xxk    ||     000 ||eng  </controlfield>
        <datafield tag="019" ind1="9" ind2=" ">
            <subfield code="a">b6011226</subfield>
        </datafield>
        <datafield tag="019" ind1="y" ind2=" ">
            <subfield code="a">B6011226</subfield>
        </datafield>
        <datafield tag="082" ind1="0" ind2="4">
            <subfield code="a">813.4</subfield>
            <subfield code="2">18</subfield>
        </datafield>
        <datafield tag="100" ind1="1" ind2=" ">
            <subfield code="a">Twain, Mark,</subfield>
            <subfield code="d">1835-1910.</subfield>
        </datafield>
        <datafield tag="245" ind1="1" ind2="0">
            <subfield code="a">Mark Twain-Howells letters :</subfield>
            <subfield code="b">the correspondence of Samuel L. Clemens and William D. Howells, 1872-1910 /</subfield>
            <subfield code="c">edited by Henry Nash Smith an William M. Gibson with the assistance of Frederick Anderson.</subfield>
        </datafield>
        <datafield tag="264" ind1=" " ind2="1">
            <subfield code="b">Harvard U.P.; Oxford U.P.,</subfield>
            <subfield code="c">1960.</subfield>
        </datafield>
        <datafield tag="300" ind1=" " ind2=" ">
            <subfield code="a">2 v, illustrations ;</subfield>
            <subfield code="c">25 cm</subfield>
        </datafield>
        <datafield tag="336" ind1=" " ind2=" ">
            <subfield code="a">text</subfield>
            <subfield code="2">rdacontent</subfield>
        </datafield>
        <datafield tag="337" ind1=" " ind2=" ">
            <subfield code="a">unmediated</subfield>
            <subfield code="2">rdamedia</subfield>
        </datafield>
        <datafield tag="338" ind1=" " ind2=" ">
            <subfield code="a">volume</subfield>
            <subfield code="2">rdacarrier</subfield>
        </datafield>
        <datafield tag="700" ind1="1" ind2=" ">
            <subfield code="a">Howells, W. D.</subfield>
            <subfield code="q">(William Dean),</subfield>
            <subfield code="d">1837-1920.</subfield>
        </datafield>
    </record>