
    <record>
        <leader>01025 am a2200313ua 4500</leader>
        <controlfield tag="001">011334741</controlfield>
        <controlfield tag="003">Uk</controlfield>
        <controlfield tag="005">20091122180200.0</controlfield>
        <controlfield tag="008">860721s1985    enka   j|     000 1|eng  </controlfield>
        <datafield tag="019" ind1="1" ind2=" ">
            <subfield code="a">0603003419</subfield>
        </datafield>
        <datafield tag="019" ind1="9" ind2=" ">
            <subfield code="a">0603003419</subfield>
        </datafield>
        <datafield tag="019" ind1="y" ind2=" ">
            <subfield code="a">b8618590</subfield>
        </datafield>
        <datafield tag="020" ind1=" " ind2=" ">
            <subfield code="a">0603003419 :</subfield>
            <subfield code="c">£2.25</subfield>
        </datafield>
        <datafield tag="039" ind1="0" ind2=" ">
            <subfield code="a">1900</subfield>
        </datafield>
        <datafield tag="082" ind1="0" ind2="4">
            <subfield code="a">813/.4</subfield>
            <subfield code="2">19</subfield>
        </datafield>
        <datafield tag="100" ind1="1" ind2=" ">
            <subfield code="a">Twain, Mark,</subfield>
            <subfield code="d">1835-1910.</subfield>
        </datafield>
        <datafield tag="245" ind1="1" ind2="4">
            <subfield code="a">The adventures of Huckleberry Finn /</subfield>
            <subfield code="c">Mark Twain ; illustrated by Harry Bishop.</subfield>
        </datafield>
        <datafield tag="250" ind1=" " ind2=" ">
            <subfield code="a">Abridged ed.</subfield>
        </datafield>
        <datafield tag="260" ind1=" " ind2=" ">
            <subfield code="a">London :</subfield>
            <subfield code="b">Deans International,</subfield>
            <subfield code="c">1985.</subfield>
        </datafield>
        <datafield tag="300" ind1=" " ind2=" ">
            <subfield code="a">77p. :</subfield>
            <subfield code="b">ill(some col.) ;</subfield>
            <subfield code="c">28cm.</subfield>
        </datafield>
        <datafield tag="336" ind1=" " ind2=" ">
            <subfield code="a">text</subfield>
            <subfield code="2">rdacontent</subfield>
        </datafield>
        <datafield tag="337" ind1=" " ind2=" ">
            <subfield code="a">unmediated</subfield>
            <subfield code="2">rdamedia</subfield>
        </datafield>
        <datafield tag="338" ind1=" " ind2=" ">
            <subfield code="a">volume</subfield>
            <subfield code="2">rdacarrier</subfield>
        </datafield>
        <datafield tag="700" ind1="1" ind2=" ">
            <subfield code="a">Bishop, Harry.</subfield>
        </datafield>
    </record>