
    <record>
        <leader>01090 am a2200361 a 4500</leader>
        <controlfield tag="001">011000379</controlfield>
        <controlfield tag="003">Uk</controlfield>
        <controlfield tag="005">20091217021000.0</controlfield>
        <controlfield tag="008">811215r19791976enka   j|     000 1|eng  </controlfield>
        <datafield tag="019" ind1="9" ind2=" ">
            <subfield code="a">b8200126</subfield>
        </datafield>
        <datafield tag="019" ind1="y" ind2=" ">
            <subfield code="a">B8200126</subfield>
        </datafield>
        <datafield tag="020" ind1=" " ind2=" ">
            <subfield code="a">0582534224 (pbk) :</subfield>
            <subfield code="c">£0.40</subfield>
        </datafield>
        <datafield tag="039" ind1="0" ind2=" ">
            <subfield code="a">1667</subfield>
        </datafield>
        <datafield tag="082" ind1="0" ind2="4">
            <subfield code="a">428.6</subfield>
            <subfield code="2">19</subfield>
        </datafield>
        <datafield tag="082" ind1="0" ind2="4">
            <subfield code="a">428/.6</subfield>
            <subfield code="2">18</subfield>
        </datafield>
        <datafield tag="100" ind1="1" ind2=" ">
            <subfield code="a">West, Michael,</subfield>
            <subfield code="d">1936-</subfield>
        </datafield>
        <datafield tag="245" ind1="1" ind2="4">
            <subfield code="a">The prince and the pauper /</subfield>
            <subfield code="c">Mark Twain ; simplified by Michael West.</subfield>
        </datafield>
        <datafield tag="250" ind1=" " ind2=" ">
            <subfield code="a">2nd ed. /</subfield>
            <subfield code="b">revised by D.K. Swan.</subfield>
        </datafield>
        <datafield tag="260" ind1=" " ind2=" ">
            <subfield code="a">London :</subfield>
            <subfield code="b">Longman,</subfield>
            <subfield code="c">1976</subfield>
            <subfield code="g">(1979 [printing])</subfield>
        </datafield>
        <datafield tag="300" ind1=" " ind2=" ">
            <subfield code="a">44p. :</subfield>
            <subfield code="b">ill. ;</subfield>
            <subfield code="c">19cm.</subfield>
        </datafield>
        <datafield tag="336" ind1=" " ind2=" ">
            <subfield code="a">text</subfield>
            <subfield code="2">rdacontent</subfield>
        </datafield>
        <datafield tag="337" ind1=" " ind2=" ">
            <subfield code="a">unmediated</subfield>
            <subfield code="2">rdamedia</subfield>
        </datafield>
        <datafield tag="338" ind1=" " ind2=" ">
            <subfield code="a">volume</subfield>
            <subfield code="2">rdacarrier</subfield>
        </datafield>
        <datafield tag="490" ind1="1" ind2=" ">
            <subfield code="a">NMSR. Stage 2</subfield>
        </datafield>
        <datafield tag="700" ind1="1" ind2=" ">
            <subfield code="a">Swan, D. K.</subfield>
        </datafield>
        <datafield tag="700" ind1="1" ind2=" ">
            <subfield code="a">Twain, Mark,</subfield>
            <subfield code="d">1835-1910.</subfield>
            <subfield code="t">Prince and the pauper.</subfield>
        </datafield>
        <datafield tag="830" ind1=" " ind2="0">
            <subfield code="a">NMSR.</subfield>
            <subfield code="p">Stage 2</subfield>
        </datafield>
    </record>