
    <record>
        <leader>00884 am a22002773u 4500</leader>
        <controlfield tag="001">010947390</controlfield>
        <controlfield tag="003">Uk</controlfield>
        <controlfield tag="005">20160318214300.0</controlfield>
        <controlfield tag="008">690709s1969    enkch  ||     000 1|eng  </controlfield>
        <datafield tag="019" ind1="9" ind2=" ">
            <subfield code="a">0140430407</subfield>
        </datafield>
        <datafield tag="019" ind1="y" ind2=" ">
            <subfield code="a">B6916469</subfield>
        </datafield>
        <datafield tag="020" ind1=" " ind2=" ">
            <subfield code="a">0140430407 (pbk) :</subfield>
            <subfield code="c">6/-</subfield>
        </datafield>
        <datafield tag="082" ind1="0" ind2="4">
            <subfield code="a">813.4</subfield>
            <subfield code="2">18</subfield>
        </datafield>
        <datafield tag="100" ind1="1" ind2=" ">
            <subfield code="a">Twain, Mark,</subfield>
            <subfield code="d">1835-1910.</subfield>
        </datafield>
        <datafield tag="245" ind1="1" ind2="0">
            <subfield code="a">Pudd'nhead Wilson; and, Those extraordinary twins /</subfield>
            <subfield code="c">by Mark Twain ; edited with an introduction by Malcolm Bradbury.</subfield>
        </datafield>
        <datafield tag="260" ind1=" " ind2=" ">
            <subfield code="a">Harmondsworth :</subfield>
            <subfield code="b">Penguin,</subfield>
            <subfield code="c">1969.</subfield>
        </datafield>
        <datafield tag="300" ind1=" " ind2=" ">
            <subfield code="a">[1],320p. :</subfield>
            <subfield code="b">facsims., ports. ;</subfield>
            <subfield code="c">18cm.</subfield>
        </datafield>
        <datafield tag="336" ind1=" " ind2=" ">
            <subfield code="a">text</subfield>
            <subfield code="2">rdacontent</subfield>
        </datafield>
        <datafield tag="337" ind1=" " ind2=" ">
            <subfield code="a">unmediated</subfield>
            <subfield code="2">rdamedia</subfield>
        </datafield>
        <datafield tag="338" ind1=" " ind2=" ">
            <subfield code="a">volume</subfield>
            <subfield code="2">rdacarrier</subfield>
        </datafield>
        <datafield tag="490" ind1="0" ind2=" ">
            <subfield code="a">The Penguin English library</subfield>
        </datafield>
        <datafield tag="700" ind1="1" ind2=" ">
            <subfield code="a">Bradbury, Malcolm,</subfield>
            <subfield code="d">1932-2000.</subfield>
        </datafield>
        <datafield tag="700" ind1="1" ind2=" ">
            <subfield code="a">Twain, Mark,</subfield>
            <subfield code="d">1835-1910.</subfield>
            <subfield code="t">Those extraordinary twins.</subfield>
        </datafield>
    </record>