
    <record>
        <leader>00920 am a2200325ua 4500</leader>
        <controlfield tag="001">010657154</controlfield>
        <controlfield tag="003">Uk</controlfield>
        <controlfield tag="005">20091122152800.0</controlfield>
        <controlfield tag="008">950130s1994    enka   ||     000 1|eng  </controlfield>
        <datafield tag="019" ind1="1" ind2=" ">
            <subfield code="a">0091783992</subfield>
        </datafield>
        <datafield tag="019" ind1="9" ind2=" ">
            <subfield code="a">0091783992</subfield>
        </datafield>
        <datafield tag="019" ind1="y" ind2=" ">
            <subfield code="a">b9502633</subfield>
        </datafield>
        <datafield tag="020" ind1=" " ind2=" ">
            <subfield code="a">0091783992 :</subfield>
            <subfield code="c">No price</subfield>
        </datafield>
        <datafield tag="039" ind1="0" ind2=" ">
            <subfield code="a">2326</subfield>
        </datafield>
        <datafield tag="082" ind1="0" ind2="4">
            <subfield code="a">813.4</subfield>
            <subfield code="2">20</subfield>
        </datafield>
        <datafield tag="100" ind1="1" ind2=" ">
            <subfield code="a">Twain, Mark,</subfield>
            <subfield code="d">1835-1910.</subfield>
        </datafield>
        <datafield tag="245" ind1="1" ind2="4">
            <subfield code="a">The £1,000,000 bank note /</subfield>
            <subfield code="c">Mark Twain.</subfield>
        </datafield>
        <datafield tag="246" ind1="3" ind2=" ">
            <subfield code="a">Million pound bank note</subfield>
        </datafield>
        <datafield tag="246" ind1="3" ind2=" ">
            <subfield code="a">One million pound bank note</subfield>
        </datafield>
        <datafield tag="260" ind1=" " ind2=" ">
            <subfield code="a">London :</subfield>
            <subfield code="b">Ebury,</subfield>
            <subfield code="c">1994.</subfield>
        </datafield>
        <datafield tag="300" ind1=" " ind2=" ">
            <subfield code="a">31p. :</subfield>
            <subfield code="b">ill. ;</subfield>
            <subfield code="c">19cm.</subfield>
        </datafield>
        <datafield tag="336" ind1=" " ind2=" ">
            <subfield code="a">text</subfield>
            <subfield code="2">rdacontent</subfield>
        </datafield>
        <datafield tag="337" ind1=" " ind2=" ">
            <subfield code="a">unmediated</subfield>
            <subfield code="2">rdamedia</subfield>
        </datafield>
        <datafield tag="338" ind1=" " ind2=" ">
            <subfield code="a">volume</subfield>
            <subfield code="2">rdacarrier</subfield>
        </datafield>
    </record>