
    <record>
        <leader>01206 am a2200349ua 4500</leader>
        <controlfield tag="001">010024765</controlfield>
        <controlfield tag="003">Uk</controlfield>
        <controlfield tag="005">20140908162400.0</controlfield>
        <controlfield tag="008">880224r19871885enkac  ||     000 ||eng  </controlfield>
        <datafield tag="010" ind1=" " ind2=" ">
            <subfield code="a">86019464</subfield>
        </datafield>
        <datafield tag="019" ind1="1" ind2=" ">
            <subfield code="a">0060467215</subfield>
        </datafield>
        <datafield tag="019" ind1="9" ind2=" ">
            <subfield code="a">0060467215</subfield>
        </datafield>
        <datafield tag="019" ind1="y" ind2=" ">
            <subfield code="a">b8817357</subfield>
        </datafield>
        <datafield tag="020" ind1=" " ind2=" ">
            <subfield code="a">0060467215 (pbk) :</subfield>
            <subfield code="c">No price</subfield>
        </datafield>
        <datafield tag="020" ind1=" " ind2=" ">
            <subfield code="a">0060467223</subfield>
        </datafield>
        <datafield tag="039" ind1="0" ind2=" ">
            <subfield code="a">1978</subfield>
        </datafield>
        <datafield tag="082" ind1="0" ind2="4">
            <subfield code="a">813/.4</subfield>
            <subfield code="2">19</subfield>
        </datafield>
        <datafield tag="100" ind1="1" ind2=" ">
            <subfield code="a">Twain, Mark,</subfield>
            <subfield code="d">1835-1910.</subfield>
        </datafield>
        <datafield tag="245" ind1="1" ind2="0">
            <subfield code="a">Adventures of Huckleberry Finn /</subfield>
            <subfield code="c">by Mark Twain.</subfield>
        </datafield>
        <datafield tag="250" ind1=" " ind2=" ">
            <subfield code="a">Centennial facsim ed. /</subfield>
            <subfield code="b">with a new introd. and bibliography specially prepared for this centennial ed. by Hamlin Hill.</subfield>
        </datafield>
        <datafield tag="260" ind1=" " ind2=" ">
            <subfield code="a">New York ;</subfield>
            <subfield code="a">London :</subfield>
            <subfield code="b">Harper &amp; Row,</subfield>
            <subfield code="c">c1987.</subfield>
        </datafield>
        <datafield tag="300" ind1=" " ind2=" ">
            <subfield code="a">xxiv,366p. :</subfield>
            <subfield code="b">ill., 1port. ;</subfield>
            <subfield code="c">18cm.</subfield>
        </datafield>
        <datafield tag="336" ind1=" " ind2=" ">
            <subfield code="a">text</subfield>
            <subfield code="2">rdacontent</subfield>
        </datafield>
        <datafield tag="337" ind1=" " ind2=" ">
            <subfield code="a">unmediated</subfield>
            <subfield code="2">rdamedia</subfield>
        </datafield>
        <datafield tag="338" ind1=" " ind2=" ">
            <subfield code="a">volume</subfield>
            <subfield code="2">rdacarrier</subfield>
        </datafield>
        <datafield tag="500" ind1=" " ind2=" ">
            <subfield code="a">Facsim of ed. originally published: New York: Webster, 1885.</subfield>
        </datafield>
        <datafield tag="504" ind1=" " ind2=" ">
            <subfield code="a">Bibliography: pxxi-xxiv.</subfield>
        </datafield>
        <datafield tag="700" ind1="1" ind2=" ">
            <subfield code="a">Hill, Hamlin Lewis,</subfield>
            <subfield code="d">1931-2002.</subfield>
        </datafield>
    </record>