
    <record>
        <leader>00845 am a22002413u 4500</leader>
        <controlfield tag="001">009677874</controlfield>
        <controlfield tag="003">Uk</controlfield>
        <controlfield tag="005">20181221190700.0</controlfield>
        <controlfield tag="008">750105s1967    xxk    ||     000 ||eng  </controlfield>
        <datafield tag="019" ind1="9" ind2=" ">
            <subfield code="a">b6720385</subfield>
        </datafield>
        <datafield tag="019" ind1="y" ind2=" ">
            <subfield code="a">B6720385</subfield>
        </datafield>
        <datafield tag="082" ind1="0" ind2="4">
            <subfield code="a">813.4</subfield>
            <subfield code="2">18</subfield>
        </datafield>
        <datafield tag="100" ind1="1" ind2=" ">
            <subfield code="a">Twain, Mark,</subfield>
            <subfield code="d">1835-1910.</subfield>
        </datafield>
        <datafield tag="245" ind1="1" ind2="0">
            <subfield code="a">Selected Mark Twain-Howells letters,1872-1910 /</subfield>
            <subfield code="c">edited by Frederick Anderson, William M.Gibson,Henry Nash Smith.</subfield>
        </datafield>
        <datafield tag="264" ind1=" " ind2="1">
            <subfield code="b">Harvard U.P.; Oxford U.P.,</subfield>
            <subfield code="c">1967.</subfield>
        </datafield>
        <datafield tag="300" ind1=" " ind2=" ">
            <subfield code="a">453 pages ;</subfield>
            <subfield code="c">22 cm</subfield>
        </datafield>
        <datafield tag="336" ind1=" " ind2=" ">
            <subfield code="a">text</subfield>
            <subfield code="2">rdacontent</subfield>
        </datafield>
        <datafield tag="337" ind1=" " ind2=" ">
            <subfield code="a">unmediated</subfield>
            <subfield code="2">rdamedia</subfield>
        </datafield>
        <datafield tag="338" ind1=" " ind2=" ">
            <subfield code="a">volume</subfield>
            <subfield code="2">rdacarrier</subfield>
        </datafield>
        <datafield tag="500" ind1=" " ind2=" ">
            <subfield code="a">Abridged from 'Mark Twain-Howells letters: the correspondence of Samuel L.Clemens and William D.Howells,1872-1910'.(B60-11226) 1960.</subfield>
        </datafield>
        <datafield tag="700" ind1="1" ind2=" ">
            <subfield code="a">Howells, W. D.</subfield>
            <subfield code="q">(William Dean),</subfield>
            <subfield code="d">1837-1920.</subfield>
        </datafield>
    </record>