
    <record>
        <leader>01475 am a2200397ua 4500</leader>
        <controlfield tag="001">009400676</controlfield>
        <controlfield tag="003">Uk</controlfield>
        <controlfield tag="005">20221231191550.0</controlfield>
        <controlfield tag="008">830131s1982    enkh    |b    000 | eng  </controlfield>
        <datafield tag="010" ind1=" " ind2=" ">
            <subfield code="a">81013441</subfield>
        </datafield>
        <datafield tag="019" ind1="1" ind2=" ">
            <subfield code="a">0313231354</subfield>
        </datafield>
        <datafield tag="019" ind1="9" ind2=" ">
            <subfield code="a">0313231354</subfield>
        </datafield>
        <datafield tag="019" ind1="a" ind2=" ">
            <subfield code="a">G00152161</subfield>
        </datafield>
        <datafield tag="019" ind1="y" ind2=" ">
            <subfield code="a">B8306320</subfield>
        </datafield>
        <datafield tag="020" ind1=" " ind2=" ">
            <subfield code="a">0313231354 :</subfield>
            <subfield code="c">Unpriced</subfield>
        </datafield>
        <datafield tag="039" ind1="0" ind2=" ">
            <subfield code="a">1726</subfield>
        </datafield>
        <datafield tag="041" ind1="0" ind2=" ">
            <subfield code="a">eng</subfield>
            <subfield code="b">mul</subfield>
        </datafield>
        <datafield tag="082" ind1="0" ind2="4">
            <subfield code="a">016.818/409</subfield>
            <subfield code="2">19</subfield>
        </datafield>
        <datafield tag="100" ind1="1" ind2="0">
            <subfield code="a">Rodney, Robert M.</subfield>
        </datafield>
        <datafield tag="245" ind1="1" ind2="0">
            <subfield code="a">Mark Twain international :</subfield>
            <subfield code="b">a bibliography and interpretation of his worldwide popularity /</subfield>
            <subfield code="c">edited and compiled by Robert M. Rodney.</subfield>
        </datafield>
        <datafield tag="260" ind1=" " ind2=" ">
            <subfield code="a">Westport, Conn. ;</subfield>
            <subfield code="a">London :</subfield>
            <subfield code="b">Greenwood,</subfield>
            <subfield code="c">1982.</subfield>
        </datafield>
        <datafield tag="300" ind1=" " ind2=" ">
            <subfield code="a">lxix,275p.,[20]p. of plates :</subfield>
            <subfield code="b">facsims. ;</subfield>
            <subfield code="c">25cm.</subfield>
        </datafield>
        <datafield tag="336" ind1=" " ind2=" ">
            <subfield code="a">text</subfield>
            <subfield code="2">rdacontent</subfield>
        </datafield>
        <datafield tag="337" ind1=" " ind2=" ">
            <subfield code="a">unmediated</subfield>
            <subfield code="2">rdamedia</subfield>
        </datafield>
        <datafield tag="338" ind1=" " ind2=" ">
            <subfield code="a">volume</subfield>
            <subfield code="2">rdacarrier</subfield>
        </datafield>
        <datafield tag="540" ind1=" " ind2=" ">
            <subfield code="a">Current Copyright Fee: GBP30.00</subfield>
            <subfield code="c">0</subfield>
            <subfield code="5">Uk</subfield>
        </datafield>
        <datafield tag="546" ind1=" " ind2=" ">
            <subfield code="a">Introduction, notes and tables in English, facsims and bibliography entries in English and various languages.</subfield>
        </datafield>
        <datafield tag="600" ind1="1" ind2="0">
            <subfield code="a">Twain, Mark,</subfield>
            <subfield code="d">1835-1910</subfield>
            <subfield code="x">Appreciation.</subfield>
        </datafield>
        <datafield tag="600" ind1="1" ind2="0">
            <subfield code="a">Twain, Mark,</subfield>
            <subfield code="d">1835-1910</subfield>
            <subfield code="x">Bibliography.</subfield>
        </datafield>
        <datafield tag="700" ind1="1" ind2=" ">
            <subfield code="a">Twain, Mark,</subfield>
            <subfield code="d">1835-1910.</subfield>
        </datafield>
    </record>