
    <record>
        <leader>01595 am a22003853u 4500</leader>
        <controlfield tag="001">009039603</controlfield>
        <controlfield tag="003">Uk</controlfield>
        <controlfield tag="005">20060417073500.0</controlfield>
        <controlfield tag="008">721110r19721872enk    ||     000 |aeng  </controlfield>
        <datafield tag="010" ind1=" " ind2=" ">
            <subfield code="a">73153545</subfield>
        </datafield>
        <datafield tag="019" ind1="9" ind2=" ">
            <subfield code="a">0520020189</subfield>
        </datafield>
        <datafield tag="019" ind1="y" ind2=" ">
            <subfield code="a">B7229625</subfield>
        </datafield>
        <datafield tag="020" ind1=" " ind2=" ">
            <subfield code="a">0520020189 :</subfield>
            <subfield code="c">£6.75</subfield>
        </datafield>
        <datafield tag="082" ind1="0" ind2="4">
            <subfield code="a">917.8/04/20924</subfield>
            <subfield code="2">18</subfield>
        </datafield>
        <datafield tag="100" ind1="1" ind2=" ">
            <subfield code="a">Twain, Mark,</subfield>
            <subfield code="d">1835-1910.</subfield>
        </datafield>
        <datafield tag="245" ind1="1" ind2="0">
            <subfield code="a">Roughing it /</subfield>
            <subfield code="c">[by Mark Twain].</subfield>
        </datafield>
        <datafield tag="250" ind1=" " ind2=" ">
            <subfield code="a">[1st ed. reprinted] /</subfield>
            <subfield code="b">with an introduction and explanatory notes by Franklin R. Rogers / text established and textual notes by Paul Baender.</subfield>
        </datafield>
        <datafield tag="260" ind1=" " ind2=" ">
            <subfield code="a">Berkeley ;</subfield>
            <subfield code="a">London :</subfield>
            <subfield code="b">University of California Press for the Iowa Center for Textual Studies,</subfield>
            <subfield code="c">1972.</subfield>
        </datafield>
        <datafield tag="300" ind1=" " ind2=" ">
            <subfield code="a">xi,673,[5]p. :</subfield>
            <subfield code="b">ill., 1facsim., maps(on lining papers), ports. ;</subfield>
            <subfield code="c">24cm.</subfield>
        </datafield>
        <datafield tag="336" ind1=" " ind2=" ">
            <subfield code="a">text</subfield>
            <subfield code="2">rdacontent</subfield>
        </datafield>
        <datafield tag="337" ind1=" " ind2=" ">
            <subfield code="a">unmediated</subfield>
            <subfield code="2">rdamedia</subfield>
        </datafield>
        <datafield tag="338" ind1=" " ind2=" ">
            <subfield code="a">volume</subfield>
            <subfield code="2">rdacarrier</subfield>
        </datafield>
        <datafield tag="490" ind1="0" ind2=" ">
            <subfield code="a">The works of Mark Twain</subfield>
        </datafield>
        <datafield tag="500" ind1=" " ind2=" ">
            <subfield code="a">Originally published, Hartford: American Publishing Co., 1872.</subfield>
        </datafield>
        <datafield tag="700" ind1="1" ind2=" ">
            <subfield code="a">Baender, Paul.</subfield>
        </datafield>
        <datafield tag="700" ind1="1" ind2=" ">
            <subfield code="a">Rogers, Franklin R.</subfield>
        </datafield>
        <datafield tag="710" ind1="2" ind2=" ">
            <subfield code="a">Iowa Center for Textual Studies.</subfield>
        </datafield>
    </record>