
    <record>
        <leader>00605 am a22002173u 4500</leader>
        <controlfield tag="001">009023741</controlfield>
        <controlfield tag="003">Uk</controlfield>
        <controlfield tag="005">20181221185900.0</controlfield>
        <controlfield tag="008">750219s1966    xxk    ||     000 ||eng  </controlfield>
        <datafield tag="019" ind1="9" ind2=" ">
            <subfield code="a">b6617833</subfield>
        </datafield>
        <datafield tag="019" ind1="y" ind2=" ">
            <subfield code="a">B6617833</subfield>
        </datafield>
        <datafield tag="082" ind1="0" ind2="4">
            <subfield code="a">813.4</subfield>
            <subfield code="2">18</subfield>
        </datafield>
        <datafield tag="100" ind1="1" ind2=" ">
            <subfield code="a">Twain, Mark,</subfield>
            <subfield code="d">1835-1910.</subfield>
        </datafield>
        <datafield tag="245" ind1="1" ind2="4">
            <subfield code="a">The adventures of Huckleberry Finn /</subfield>
            <subfield code="c">edited with an introduction by Peter Coveney.</subfield>
        </datafield>
        <datafield tag="264" ind1=" " ind2="1">
            <subfield code="b">Penguin,</subfield>
            <subfield code="c">1966.</subfield>
        </datafield>
        <datafield tag="300" ind1=" " ind2=" ">
            <subfield code="a">394 pages :</subfield>
            <subfield code="b">illustrations ;</subfield>
            <subfield code="c">18 cm</subfield>
        </datafield>
        <datafield tag="336" ind1=" " ind2=" ">
            <subfield code="a">text</subfield>
            <subfield code="2">rdacontent</subfield>
        </datafield>
        <datafield tag="337" ind1=" " ind2=" ">
            <subfield code="a">unmediated</subfield>
            <subfield code="2">rdamedia</subfield>
        </datafield>
        <datafield tag="338" ind1=" " ind2=" ">
            <subfield code="a">volume</subfield>
            <subfield code="2">rdacarrier</subfield>
        </datafield>
    </record>