
    <record>
        <leader>01665 am a2200421ua 4500</leader>
        <controlfield tag="001">008748453</controlfield>
        <controlfield tag="003">Uk</controlfield>
        <controlfield tag="005">20091122084800.0</controlfield>
        <controlfield tag="008">810217s1979    enk     |     000 | eng  </controlfield>
        <datafield tag="010" ind1=" " ind2=" ">
            <subfield code="a">77091761</subfield>
        </datafield>
        <datafield tag="019" ind1="1" ind2=" ">
            <subfield code="a">0520036212</subfield>
        </datafield>
        <datafield tag="019" ind1="9" ind2=" ">
            <subfield code="a">0520036212</subfield>
        </datafield>
        <datafield tag="019" ind1="y" ind2=" ">
            <subfield code="a">B8104128</subfield>
        </datafield>
        <datafield tag="020" ind1=" " ind2=" ">
            <subfield code="a">0520036212 :</subfield>
            <subfield code="c">£19.50</subfield>
        </datafield>
        <datafield tag="039" ind1="0" ind2=" ">
            <subfield code="a">1623</subfield>
        </datafield>
        <datafield tag="082" ind1="0" ind2="4">
            <subfield code="a">813/.4</subfield>
            <subfield code="2">18</subfield>
        </datafield>
        <datafield tag="082" ind1="0" ind2="4">
            <subfield code="a">813/.4</subfield>
            <subfield code="2">19</subfield>
        </datafield>
        <datafield tag="100" ind1="1" ind2=" ">
            <subfield code="a">Twain, Mark,</subfield>
            <subfield code="d">1835-1910.</subfield>
        </datafield>
        <datafield tag="245" ind1="1" ind2="2">
            <subfield code="a">A Connecticut yankee in King Arthur's court /</subfield>
            <subfield code="c">edited by Bernard L. Stein ; with an indroduction by Henry Nash Smith.</subfield>
        </datafield>
        <datafield tag="260" ind1=" " ind2=" ">
            <subfield code="a">Berkeley ;</subfield>
            <subfield code="a">London :</subfield>
            <subfield code="b">Published for the Iowa Center for Textual Studies by the University of California Press,</subfield>
            <subfield code="c">1979.</subfield>
        </datafield>
        <datafield tag="300" ind1=" " ind2=" ">
            <subfield code="a">xvii,827p. :</subfield>
            <subfield code="b">ill., facsims. ;</subfield>
            <subfield code="c">24cm.</subfield>
        </datafield>
        <datafield tag="336" ind1=" " ind2=" ">
            <subfield code="a">text</subfield>
            <subfield code="2">rdacontent</subfield>
        </datafield>
        <datafield tag="337" ind1=" " ind2=" ">
            <subfield code="a">unmediated</subfield>
            <subfield code="2">rdamedia</subfield>
        </datafield>
        <datafield tag="338" ind1=" " ind2=" ">
            <subfield code="a">volume</subfield>
            <subfield code="2">rdacarrier</subfield>
        </datafield>
        <datafield tag="490" ind1="0" ind2=" ">
            <subfield code="a">The Works of Mark Twain ;</subfield>
            <subfield code="v">v.9</subfield>
        </datafield>
        <datafield tag="700" ind1="1" ind2=" ">
            <subfield code="a">Stein, Bernard L.</subfield>
            <subfield code="q">(Bernard Leikind),</subfield>
            <subfield code="d">1941-</subfield>
        </datafield>
        <datafield tag="710" ind1="2" ind2=" ">
            <subfield code="a">Iowa Center for Textual Studies.</subfield>
        </datafield>
    </record>