
    <record>
        <leader>01027 am a2200313 i 4500</leader>
        <controlfield tag="001">008409637</controlfield>
        <controlfield tag="003">Uk</controlfield>
        <controlfield tag="005">20060417163400.0</controlfield>
        <controlfield tag="008">770314r19761968enkah  j|     000 1|eng  </controlfield>
        <datafield tag="019" ind1="9" ind2=" ">
            <subfield code="a">0460027069</subfield>
        </datafield>
        <datafield tag="019" ind1="y" ind2=" ">
            <subfield code="a">B7707550</subfield>
        </datafield>
        <datafield tag="020" ind1=" " ind2=" ">
            <subfield code="a">0460027069 (pbk) :</subfield>
            <subfield code="c">£0.60</subfield>
        </datafield>
        <datafield tag="082" ind1="0" ind2="4">
            <subfield code="a">813/.4</subfield>
            <subfield code="2">18</subfield>
        </datafield>
        <datafield tag="082" ind1="0" ind2="4">
            <subfield code="a">813/.4</subfield>
            <subfield code="2">19</subfield>
        </datafield>
        <datafield tag="100" ind1="1" ind2=" ">
            <subfield code="a">Twain, Mark,</subfield>
            <subfield code="d">1835-1910.</subfield>
        </datafield>
        <datafield tag="245" ind1="1" ind2="4">
            <subfield code="a">The prince and the pauper :</subfield>
            <subfield code="b">a tale for young people of all ages /</subfield>
            <subfield code="c">by Mark Twain ; illustrated by Robert Hodgson.</subfield>
        </datafield>
        <datafield tag="260" ind1=" " ind2=" ">
            <subfield code="a">London :</subfield>
            <subfield code="b">Dent,</subfield>
            <subfield code="c">1976.</subfield>
        </datafield>
        <datafield tag="300" ind1=" " ind2=" ">
            <subfield code="a">[11],248p.,[6]p. of plates :</subfield>
            <subfield code="b">ill., 1facsim. ;</subfield>
            <subfield code="c">18cm.</subfield>
        </datafield>
        <datafield tag="336" ind1=" " ind2=" ">
            <subfield code="a">text</subfield>
            <subfield code="2">rdacontent</subfield>
        </datafield>
        <datafield tag="337" ind1=" " ind2=" ">
            <subfield code="a">unmediated</subfield>
            <subfield code="2">rdamedia</subfield>
        </datafield>
        <datafield tag="338" ind1=" " ind2=" ">
            <subfield code="a">volume</subfield>
            <subfield code="2">rdacarrier</subfield>
        </datafield>
        <datafield tag="490" ind1="1" ind2=" ">
            <subfield code="a">A Dent dolphin</subfield>
        </datafield>
        <datafield tag="500" ind1=" " ind2=" ">
            <subfield code="a">Originally published: 1968.</subfield>
        </datafield>
        <datafield tag="830" ind1=" " ind2="0">
            <subfield code="a">Dent dolphins.</subfield>
        </datafield>
    </record>