
    <record>
        <leader>00655 am a22002413u 4500</leader>
        <controlfield tag="001">008327369</controlfield>
        <controlfield tag="003">Uk</controlfield>
        <controlfield tag="005">20181221185000.0</controlfield>
        <controlfield tag="008">741017s1954    xxk    ||     000 ||eng  </controlfield>
        <datafield tag="019" ind1="9" ind2=" ">
            <subfield code="a">b5405460</subfield>
        </datafield>
        <datafield tag="019" ind1="y" ind2=" ">
            <subfield code="a">B5405460</subfield>
        </datafield>
        <datafield tag="082" ind1="0" ind2="4">
            <subfield code="a">813.4</subfield>
            <subfield code="2">18</subfield>
        </datafield>
        <datafield tag="100" ind1="1" ind2=" ">
            <subfield code="a">Twain, Mark,</subfield>
            <subfield code="d">1835-1910.</subfield>
        </datafield>
        <datafield tag="245" ind1="1" ind2="0">
            <subfield code="a">Tom Sawyer and Huckleberry Finn.</subfield>
        </datafield>
        <datafield tag="264" ind1=" " ind2="1">
            <subfield code="b">Dent;Dutton,</subfield>
            <subfield code="c">1954.</subfield>
        </datafield>
        <datafield tag="300" ind1=" " ind2=" ">
            <subfield code="a">435 pages :</subfield>
            <subfield code="b">illustrations ;</subfield>
            <subfield code="c">19 cm.</subfield>
        </datafield>
        <datafield tag="336" ind1=" " ind2=" ">
            <subfield code="a">text</subfield>
            <subfield code="2">rdacontent</subfield>
        </datafield>
        <datafield tag="337" ind1=" " ind2=" ">
            <subfield code="a">unmediated</subfield>
            <subfield code="2">rdamedia</subfield>
        </datafield>
        <datafield tag="338" ind1=" " ind2=" ">
            <subfield code="a">volume</subfield>
            <subfield code="2">rdacarrier</subfield>
        </datafield>
        <datafield tag="490" ind1="0" ind2=" ">
            <subfield code="a">Everyman's library series;no.976</subfield>
        </datafield>
        <datafield tag="500" ind1=" " ind2=" ">
            <subfield code="a">This ed. first published 1943.</subfield>
        </datafield>
    </record>