
    <record>
        <leader>01068 am a2200337ua 4500</leader>
        <controlfield tag="001">007251735</controlfield>
        <controlfield tag="003">Uk</controlfield>
        <controlfield tag="005">20140402103358.0</controlfield>
        <controlfield tag="008">980708r19971976enka   ||     000 m|eng  </controlfield>
        <datafield tag="010" ind1=" " ind2=" ">
            <subfield code="a">76043094</subfield>
        </datafield>
        <datafield tag="019" ind1="1" ind2=" ">
            <subfield code="a">b9834794</subfield>
        </datafield>
        <datafield tag="019" ind1="9" ind2=" ">
            <subfield code="a">b9834794</subfield>
        </datafield>
        <datafield tag="019" ind1="y" ind2=" ">
            <subfield code="a">b9834794</subfield>
        </datafield>
        <datafield tag="020" ind1=" " ind2=" ">
            <subfield code="a">1889372366 (v.1) :</subfield>
            <subfield code="c">£14.99</subfield>
        </datafield>
        <datafield tag="020" ind1=" " ind2=" ">
            <subfield code="a">1889372374 (v.2) :</subfield>
            <subfield code="c">£14.99</subfield>
        </datafield>
        <datafield tag="020" ind1=" " ind2=" ">
            <subfield code="c">No price</subfield>
        </datafield>
        <datafield tag="039" ind1="0" ind2=" ">
            <subfield code="a">2499</subfield>
        </datafield>
        <datafield tag="082" ind1="0" ind2="4">
            <subfield code="a">818.4</subfield>
            <subfield code="2">21</subfield>
        </datafield>
        <datafield tag="100" ind1="1" ind2=" ">
            <subfield code="a">Twain, Mark,</subfield>
            <subfield code="d">1835-1910.</subfield>
        </datafield>
        <datafield tag="240" ind1="1" ind2="0">
            <subfield code="a">Works.</subfield>
            <subfield code="k">Selections</subfield>
        </datafield>
        <datafield tag="245" ind1="1" ind2="4">
            <subfield code="a">The unabridged Mark Twain /</subfield>
            <subfield code="c">opening remarks by Kurt Vonnegut, Jr. ; edited by Lawrence Teacher.</subfield>
        </datafield>
        <datafield tag="260" ind1=" " ind2=" ">
            <subfield code="a">Philadelphia ;</subfield>
            <subfield code="a">London :</subfield>
            <subfield code="b">Courage,</subfield>
            <subfield code="c">c1997.</subfield>
        </datafield>
        <datafield tag="300" ind1=" " ind2=" ">
            <subfield code="a">2 v. (xviii, 1289p; xv, 1118p) :</subfield>
            <subfield code="b">ill. ;</subfield>
            <subfield code="c">23cm.</subfield>
        </datafield>
        <datafield tag="336" ind1=" " ind2=" ">
            <subfield code="a">text</subfield>
            <subfield code="2">rdacontent</subfield>
        </datafield>
        <datafield tag="337" ind1=" " ind2=" ">
            <subfield code="a">unmediated</subfield>
            <subfield code="2">rdamedia</subfield>
        </datafield>
        <datafield tag="338" ind1=" " ind2=" ">
            <subfield code="a">volume</subfield>
            <subfield code="2">rdacarrier</subfield>
        </datafield>
        <datafield tag="500" ind1=" " ind2=" ">
            <subfield code="a">Originally published: 1976-1979.</subfield>
        </datafield>
        <datafield tag="700" ind1="1" ind2=" ">
            <subfield code="a">Teacher, Lawrence,</subfield>
            <subfield code="d">-2014.</subfield>
        </datafield>
    </record>