
    <record>
        <leader>01776 am a2200361ua 4500</leader>
        <controlfield tag="001">006720250</controlfield>
        <controlfield tag="003">Uk</controlfield>
        <controlfield tag="005">20091118013000.0</controlfield>
        <controlfield tag="008">970410s1996    enkabch||     000 ||eng  </controlfield>
        <datafield tag="019" ind1="1" ind2=" ">
            <subfield code="a">0195101510</subfield>
        </datafield>
        <datafield tag="020" ind1=" " ind2=" ">
            <subfield code="a">0195090888 (set) :</subfield>
            <subfield code="c">No price</subfield>
        </datafield>
        <datafield tag="020" ind1=" " ind2=" ">
            <subfield code="a">0195101510 (cased) :</subfield>
            <subfield code="c">No price</subfield>
        </datafield>
        <datafield tag="020" ind1=" " ind2=" ">
            <subfield code="a">0195113454 (library ed. set) :</subfield>
            <subfield code="c">No price</subfield>
        </datafield>
        <datafield tag="020" ind1=" " ind2=" ">
            <subfield code="a">0195114191 (library ed.) :</subfield>
            <subfield code="c">No price</subfield>
        </datafield>
        <datafield tag="082" ind1="0" ind2="4">
            <subfield code="a">818.403</subfield>
            <subfield code="2">21</subfield>
        </datafield>
        <datafield tag="100" ind1="1" ind2=" ">
            <subfield code="a">Twain, Mark,</subfield>
            <subfield code="d">1835-1910.</subfield>
        </datafield>
        <datafield tag="245" ind1="1" ind2="0">
            <subfield code="a">Following the equator and anti-imperialist essays /</subfield>
            <subfield code="c">Mark Twain ; foreword, Shelley Fisher Fishkin ; introduction, Gore Vidal ; afterword, Fred Kaplan.</subfield>
        </datafield>
        <datafield tag="260" ind1=" " ind2=" ">
            <subfield code="a">New York ;</subfield>
            <subfield code="a">Oxford :</subfield>
            <subfield code="b">Oxford University Press,</subfield>
            <subfield code="c">1996.</subfield>
        </datafield>
        <datafield tag="300" ind1=" " ind2=" ">
            <subfield code="a">1 v. (variously paged) :</subfield>
            <subfield code="b">ill., facsims., maps, 1 port. ;</subfield>
            <subfield code="c">22cm.</subfield>
        </datafield>
        <datafield tag="336" ind1=" " ind2=" ">
            <subfield code="a">text</subfield>
            <subfield code="2">rdacontent</subfield>
        </datafield>
        <datafield tag="337" ind1=" " ind2=" ">
            <subfield code="a">unmediated</subfield>
            <subfield code="2">rdamedia</subfield>
        </datafield>
        <datafield tag="338" ind1=" " ind2=" ">
            <subfield code="a">volume</subfield>
            <subfield code="2">rdacarrier</subfield>
        </datafield>
        <datafield tag="490" ind1="1" ind2=" ">
            <subfield code="a">The Oxford Mark Twain</subfield>
        </datafield>
        <datafield tag="505" ind1="0" ind2=" ">
            <subfield code="a">Contents: Following the equator. Facsim. of ed. published: Hartford, Conn. : The American Publishing Co., 1987 -- To the person sitting in darkness. Facsim. of ed. published: [U.S.] : [s.n.], 1901 -- King Leopold's soliloquy. Facsim. of ed. published: Boston, Mass. : The P.R. Warren Co., 1905.</subfield>
        </datafield>
        <datafield tag="700" ind1="1" ind2=" ">
            <subfield code="a">Twain, Mark,</subfield>
            <subfield code="d">1835-1910.</subfield>
            <subfield code="t">King Leopold's soliloquy.</subfield>
        </datafield>
        <datafield tag="700" ind1="1" ind2=" ">
            <subfield code="a">Twain, Mark,</subfield>
            <subfield code="d">1835-1910.</subfield>
            <subfield code="t">To the person sitting in darkness.</subfield>
        </datafield>
    </record>