
    <record>
        <leader>01106 am a2200313 a 4500</leader>
        <controlfield tag="001">005630612</controlfield>
        <controlfield tag="003">Uk</controlfield>
        <controlfield tag="005">20100212172200.0</controlfield>
        <controlfield tag="008">901206s1987    enkach ||     000 ||eng  </controlfield>
        <datafield tag="019" ind1="9" ind2=" ">
            <subfield code="a">b9105543</subfield>
        </datafield>
        <datafield tag="019" ind1="y" ind2=" ">
            <subfield code="a">b9105543</subfield>
        </datafield>
        <datafield tag="020" ind1=" " ind2=" ">
            <subfield code="a">0863076815 (Adventures of Huckleberry Finn)</subfield>
        </datafield>
        <datafield tag="020" ind1=" " ind2=" ">
            <subfield code="c">£3.95</subfield>
        </datafield>
        <datafield tag="039" ind1="0" ind2=" ">
            <subfield code="a">2119</subfield>
        </datafield>
        <datafield tag="082" ind1="0" ind2="4">
            <subfield code="a">813.4</subfield>
            <subfield code="2">20</subfield>
        </datafield>
        <datafield tag="245" ind1="0" ind2="4">
            <subfield code="a">The Great writers :</subfield>
            <subfield code="b">their lives, works and inspiration.</subfield>
            <subfield code="n">Vol.2.</subfield>
            <subfield code="n">Part 18,</subfield>
            <subfield code="p">Mark Twain : the adventures of Huckleberry Finn.</subfield>
        </datafield>
        <datafield tag="260" ind1=" " ind2=" ">
            <subfield code="a">London :</subfield>
            <subfield code="b">Marshall Cavendish,</subfield>
            <subfield code="c">c1987.</subfield>
        </datafield>
        <datafield tag="300" ind1=" " ind2=" ">
            <subfield code="a">1 portfolio :</subfield>
            <subfield code="b">ill.(some col.), ports.(some col.),facsims. ;</subfield>
            <subfield code="c">30cm.</subfield>
        </datafield>
        <datafield tag="336" ind1=" " ind2=" ">
            <subfield code="a">text</subfield>
            <subfield code="2">rdacontent</subfield>
        </datafield>
        <datafield tag="337" ind1=" " ind2=" ">
            <subfield code="a">unmediated</subfield>
            <subfield code="2">rdamedia</subfield>
        </datafield>
        <datafield tag="338" ind1=" " ind2=" ">
            <subfield code="a">sheet</subfield>
            <subfield code="2">rdacarrier</subfield>
        </datafield>
        <datafield tag="500" ind1=" " ind2=" ">
            <subfield code="a">Title from pamphlet.</subfield>
        </datafield>
        <datafield tag="505" ind1="0" ind2=" ">
            <subfield code="a">Contents: 1 pamphlet . - The adventures of Huckleberry Finn.</subfield>
        </datafield>
        <datafield tag="700" ind1="1" ind2=" ">
            <subfield code="a">Twain, Mark,</subfield>
            <subfield code="d">1835-1910.</subfield>
            <subfield code="t">Adventures of Huckleberry Finn.</subfield>
        </datafield>
    </record>