
    <record>
        <leader>01143cam a2200289   4500</leader>
        <controlfield tag="001">1712416</controlfield>
        <controlfield tag="003">LC</controlfield>
        <controlfield tag="005">19940809154433.0</controlfield>
        <controlfield tag="008">691014s1969    nyu           000 1 eng  </controlfield>
        <datafield tag="010" ind1=" " ind2=" ">
            <subfield code="a">   71075389 </subfield>
        </datafield>
        <datafield tag="082" ind1="0" ind2="0">
            <subfield code="a">813/.3/08</subfield>
        </datafield>
        <datafield tag="245" ind1="0" ind2="0">
            <subfield code="a">4 classic American novels.</subfield>
            <subfield code="c">With an introd. by Willard Thorp.</subfield>
        </datafield>
        <datafield tag="260" ind1=" " ind2=" ">
            <subfield code="a">New York,</subfield>
            <subfield code="b">New American Library</subfield>
            <subfield code="c">[1969]</subfield>
        </datafield>
        <datafield tag="300" ind1=" " ind2=" ">
            <subfield code="a">245, 283, 125, 88 p.</subfield>
            <subfield code="c">18 cm.</subfield>
        </datafield>
        <datafield tag="350" ind1=" " ind2=" ">
            <subfield code="a">0.95</subfield>
        </datafield>
        <datafield tag="490" ind1="0" ind2=" ">
            <subfield code="a">Signet classics, CQ451</subfield>
        </datafield>
        <datafield tag="505" ind1="0" ind2=" ">
            <subfield code="a">The scarlet letter, by N. Hawthorne.--The adventures of Huckleberry Finn, by M. Twain.--The red badge of courage, by S. Crane.--Billy Budd, by H. Melville.</subfield>
        </datafield>
        <datafield tag="700" ind1="1" ind2="2">
            <subfield code="a">Crane, Stephen,</subfield>
            <subfield code="d">1871-1900.</subfield>
            <subfield code="t">Red badge of courage.</subfield>
            <subfield code="f">1969.</subfield>
        </datafield>
        <datafield tag="700" ind1="1" ind2="2">
            <subfield code="a">Hawthorne, Nathaniel,</subfield>
            <subfield code="d">1804-1864.</subfield>
            <subfield code="t">Scarlet letter.</subfield>
            <subfield code="f">1969.</subfield>
        </datafield>
        <datafield tag="700" ind1="1" ind2="2">
            <subfield code="a">Melville, Herman,</subfield>
            <subfield code="d">1819-1891.</subfield>
            <subfield code="t">Billy Budd.</subfield>
            <subfield code="f">1969.</subfield>
        </datafield>
        <datafield tag="700" ind1="1" ind2="2">
            <subfield code="a">Twain, Mark,</subfield>
            <subfield code="d">1835-1910.</subfield>
            <subfield code="t">Adventures of Huckleberry Finn.</subfield>
            <subfield code="f">1969.</subfield>
        </datafield>
    </record>