
    <record>
        <leader>01962cmm a22004457a 4500</leader>
        <controlfield tag="001">12963788</controlfield>
        <controlfield tag="003">LC</controlfield>
        <controlfield tag="005">20160524171307.0</controlfield>
        <controlfield tag="007">co cga||||||||</controlfield>
        <controlfield tag="007">ss zunjmununua</controlfield>
        <controlfield tag="008">021010s1999    ilu     q  m        eng  </controlfield>
        <datafield tag="010" ind1=" " ind2=" ">
            <subfield code="a">  2002555884</subfield>
            <subfield code="z">  2002564387</subfield>
        </datafield>
        <datafield tag="020" ind1=" " ind2=" ">
            <subfield code="a">158702666X (teacher guide)</subfield>
        </datafield>
        <datafield tag="020" ind1=" " ind2=" ">
            <subfield code="a">1893376052 (book)</subfield>
        </datafield>
        <datafield tag="020" ind1=" " ind2=" ">
            <subfield code="a">1893376249 (container)</subfield>
        </datafield>
        <datafield tag="043" ind1=" " ind2=" ">
            <subfield code="a">n-usm--</subfield>
            <subfield code="a">n-us-mo</subfield>
        </datafield>
        <datafield tag="082" ind1="0" ind2="0">
            <subfield code="a">[Fic]</subfield>
            <subfield code="2">13</subfield>
        </datafield>
        <datafield tag="245" ind1="0" ind2="4">
            <subfield code="a">The adventures of Huckleberry Finn /</subfield>
            <subfield code="c">by Mark Twain ; retold by John Matern.</subfield>
        </datafield>
        <datafield tag="250" ind1=" " ind2=" ">
            <subfield code="a">V[ersion] 1.0.</subfield>
        </datafield>
        <datafield tag="260" ind1=" " ind2=" ">
            <subfield code="a">Volo, Illinois :</subfield>
            <subfield code="b">D. Johnston,</subfield>
            <subfield code="c">c1999.</subfield>
        </datafield>
        <datafield tag="300" ind1=" " ind2=" ">
            <subfield code="a">1 CD-ROM :</subfield>
            <subfield code="b">sd., col. ;</subfield>
            <subfield code="c">4 3/4 in. +</subfield>
            <subfield code="e">1 teacher guide + 1 start-to-finish book + 1 sound cassette (50 min.)</subfield>
        </datafield>
        <datafield tag="490" ind1="0" ind2=" ">
            <subfield code="a">Classic adventures ;</subfield>
            <subfield code="v">no. 3</subfield>
        </datafield>
        <datafield tag="490" ind1="0" ind2=" ">
            <subfield code="a">Start-to-finish books</subfield>
        </datafield>
        <datafield tag="500" ind1=" " ind2=" ">
            <subfield code="a">Title from disc label.</subfield>
        </datafield>
        <datafield tag="520" ind1=" " ind2=" ">
            <subfield code="a">The adventures of a boy and his friend, an escaped slave, as they travel down the Mississippi River on a raft. Includes abridged text, audio of text, teacher guide, and test questions.</subfield>
        </datafield>
        <datafield tag="538" ind1=" " ind2=" ">
            <subfield code="a">System requirements for Macintosh: Macintosh 040, LC-III or faster; System 7.5.3 and later.</subfield>
        </datafield>
        <datafield tag="538" ind1=" " ind2=" ">
            <subfield code="a">System requirements for Windows: IBM-compatible 486/100MHz PC or higher; Windows 95/98.</subfield>
        </datafield>
        <datafield tag="600" ind1="1" ind2="0">
            <subfield code="a">Finn, Huckleberry</subfield>
            <subfield code="c">(Fictitious character)</subfield>
            <subfield code="x">Fiction</subfield>
            <subfield code="v">Software.</subfield>
        </datafield>
        <datafield tag="700" ind1="1" ind2=" ">
            <subfield code="a">Twain, Mark,</subfield>
            <subfield code="d">1835-1910.</subfield>
        </datafield>
        <datafield tag="710" ind1="2" ind2=" ">
            <subfield code="a">Copyright Collection (Library of Congress)</subfield>
            <subfield code="5">DLC</subfield>
        </datafield>
        <datafield tag="753" ind1=" " ind2=" ">
            <subfield code="a">Macintosh</subfield>
            <subfield code="c">System 7.5.3</subfield>
        </datafield>
        <datafield tag="753" ind1=" " ind2=" ">
            <subfield code="a">PC</subfield>
            <subfield code="c">Windows 95</subfield>
        </datafield>
    </record>