
    <record>
        <leader>06324cgm a22011297i 4500</leader>
        <controlfield tag="001">22811163</controlfield>
        <controlfield tag="003">LC</controlfield>
        <controlfield tag="005">20221003094319.0</controlfield>
        <controlfield tag="007">vd cvaiz|</controlfield>
        <controlfield tag="008">221003t20122012xxu270 g          mleng  </controlfield>
        <datafield tag="010" ind1=" " ind2=" ">
            <subfield code="a">  2022605544</subfield>
        </datafield>
        <datafield tag="024" ind1="1" ind2=" ">
            <subfield code="a">096009082949</subfield>
        </datafield>
        <datafield tag="028" ind1="4" ind2="2">
            <subfield code="a">08294</subfield>
            <subfield code="b">Echo Bridge Home Entertainment</subfield>
        </datafield>
        <datafield tag="043" ind1=" " ind2=" ">
            <subfield code="a">n-us-mo</subfield>
            <subfield code="a">n-usm--</subfield>
            <subfield code="a">u-at-tm</subfield>
        </datafield>
        <datafield tag="046" ind1=" " ind2=" ">
            <subfield code="o">1938</subfield>
            <subfield code="p">2003</subfield>
            <subfield code="2">edtf</subfield>
        </datafield>
        <datafield tag="245" ind1="0" ind2="4">
            <subfield code="a">The adventures of Tom Sawyer :</subfield>
            <subfield code="b">Lil' treasure hunters ; Devil's Hill.</subfield>
        </datafield>
        <datafield tag="257" ind1=" " ind2=" ">
            <subfield code="a">United States</subfield>
            <subfield code="a">Australia</subfield>
            <subfield code="a">France</subfield>
            <subfield code="2">naf</subfield>
        </datafield>
        <datafield tag="264" ind1=" " ind2="1">
            <subfield code="a">[La Cross, Wis.] :</subfield>
            <subfield code="b">Echo Bridge Home Entertainment,</subfield>
            <subfield code="c">[2012]</subfield>
        </datafield>
        <datafield tag="264" ind1=" " ind2="4">
            <subfield code="c">©2012</subfield>
        </datafield>
        <datafield tag="300" ind1=" " ind2=" ">
            <subfield code="3">viewing copy</subfield>
            <subfield code="a">1 videodisc (270 min.) :</subfield>
            <subfield code="b">sound, color ;</subfield>
            <subfield code="c">4 3/4 in.</subfield>
        </datafield>
        <datafield tag="336" ind1=" " ind2=" ">
            <subfield code="a">two-dimensional moving image</subfield>
            <subfield code="b">tdi</subfield>
            <subfield code="2">rdacontent</subfield>
        </datafield>
        <datafield tag="337" ind1=" " ind2=" ">
            <subfield code="a">video</subfield>
            <subfield code="b">v</subfield>
            <subfield code="2">rdamedia</subfield>
        </datafield>
        <datafield tag="338" ind1=" " ind2=" ">
            <subfield code="a">videodisc</subfield>
            <subfield code="b">vd</subfield>
            <subfield code="2">rdacarrier</subfield>
        </datafield>
        <datafield tag="340" ind1=" " ind2=" ">
            <subfield code="b">4 3/4 in.</subfield>
            <subfield code="2">rda</subfield>
        </datafield>
        <datafield tag="344" ind1=" " ind2=" ">
            <subfield code="a">digital</subfield>
            <subfield code="b">optical</subfield>
            <subfield code="2">rda</subfield>
        </datafield>
        <datafield tag="346" ind1=" " ind2=" ">
            <subfield code="b">NTSC</subfield>
            <subfield code="2">rda</subfield>
        </datafield>
        <datafield tag="347" ind1=" " ind2=" ">
            <subfield code="a">video file</subfield>
            <subfield code="2">rda</subfield>
        </datafield>
        <datafield tag="347" ind1=" " ind2=" ">
            <subfield code="b">DVD video</subfield>
        </datafield>
        <datafield tag="380" ind1=" " ind2=" ">
            <subfield code="a">Motion pictures</subfield>
            <subfield code="2">lcgft</subfield>
        </datafield>
        <datafield tag="380" ind1=" " ind2=" ">
            <subfield code="a">Television programs</subfield>
            <subfield code="2">lcgft</subfield>
        </datafield>
        <datafield tag="490" ind1="0" ind2=" ">
            <subfield code="a">Original family classics</subfield>
        </datafield>
        <datafield tag="500" ind1=" " ind2=" ">
            <subfield code="a">Devil's Hill, based on the novel Devil's Hill by Nan Chauncy.</subfield>
        </datafield>
        <datafield tag="500" ind1=" " ind2=" ">
            <subfield code="a">Lil' treasure hunters is wide screen. The aspect ratios for The adventures of Tom Sawyer and Devil's Hill are unknown.</subfield>
        </datafield>
        <datafield tag="500" ind1=" " ind2=" ">
            <subfield code="a">Sources used: videodisc container; Internet movie database, October 3, 2022.</subfield>
        </datafield>
        <datafield tag="500" ind1=" " ind2=" ">
            <subfield code="a">The Adventures of Tom Sawyer was originally released as a motion picture in 1938. Lil' treasure hunters (also known as: The Lil' River Rats and the Adventure of the Lost Treasure) was originally released as a motion picture in 2003. Devil's Hill (also known as: Touch the Sun: Devil's Hill) was originally released as a television movie in 1988.</subfield>
        </datafield>
        <datafield tag="500" ind1=" " ind2=" ">
            <subfield code="a">The Adventures of Tom Sawyer, based on the novel by Mark Twain.</subfield>
        </datafield>
        <datafield tag="500" ind1=" " ind2=" ">
            <subfield code="a">Title from container.</subfield>
        </datafield>
        <datafield tag="505" ind1="0" ind2=" ">
            <subfield code="a">The adventures of Tom Sawyer (91 min.)(1938) -- Lil' treasure hunters (85 min.)(2003) -- Devil's Hill (96 min.)(1988).</subfield>
        </datafield>
        <datafield tag="508" ind1=" " ind2=" ">
            <subfield code="a">Devil's Hill: produced by Jill Robb, The Australian Children's Television Foundation ; directed by Esben Storm.</subfield>
        </datafield>
        <datafield tag="508" ind1=" " ind2=" ">
            <subfield code="a">Lil' treasure hunters: produced and directed by Dan T. Hall.</subfield>
        </datafield>
        <datafield tag="508" ind1=" " ind2=" ">
            <subfield code="a">The adventures of Tom Sawyer: produced by David O. Selznick ; directed by Norman Taurog.</subfield>
        </datafield>
        <datafield tag="511" ind1="0" ind2=" ">
            <subfield code="a">Devil's Hill: Cameron Atkins, Peter Hehir, John Flaus.</subfield>
        </datafield>
        <datafield tag="511" ind1="0" ind2=" ">
            <subfield code="a">Lil' treasure hunters: Molly Hall, Abbey MacAllister, Caleb Ely, Alex Ruppert, Damon Williams.</subfield>
        </datafield>
        <datafield tag="511" ind1="0" ind2=" ">
            <subfield code="a">The adventures of Tom Sawyer: Tom Kelly, May Robson, Walter Brennan, Victor Jory, Ann Gillis, Donald Meek.</subfield>
        </datafield>
        <datafield tag="520" ind1=" " ind2=" ">
            <subfield code="a">Devil's Hill: Badge, who lives on a farm in Tasmania, is picked on by his mean cousin Sam. But when a cow goes missing, Badge and Sam must work together to search out in the bush for her.</subfield>
        </datafield>
        <datafield tag="520" ind1=" " ind2=" ">
            <subfield code="a">Lil' treasure hunters: Nine-year-old Molly Brown loves the river and her home. But when her dad is forced to sell everything to pay off medical bills, Molly decides it's time to find a hidden treasure she has always heard about.</subfield>
        </datafield>
        <datafield tag="520" ind1=" " ind2=" ">
            <subfield code="a">The adventures of Tom Sawyer: Tom and his friend Huckleberry Finn are always getting into trouble, but when they witness a murder, they take a vow of silence and head down river on a raft. The whole town thinks they're dead, so when they return, they are in even more trouble--and not only with their families. The trial for the murder begins, and the killer needs to make sure they don't tell what they know.</subfield>
        </datafield>
        <datafield tag="600" ind1="1" ind2="0">
            <subfield code="a">Sawyer, Tom</subfield>
            <subfield code="c">(Fictitious character)</subfield>
            <subfield code="v">Drama.</subfield>
        </datafield>
        <datafield tag="600" ind1="1" ind2="7">
            <subfield code="a">Sawyer, Tom</subfield>
            <subfield code="c">(Fictitious character)</subfield>
            <subfield code="2">fast</subfield>
            <subfield code="0">(OCoLC)fst01106153</subfield>
        </datafield>
        <datafield tag="700" ind1="1" ind2=" ">
            <subfield code="a">Brennan, Walter,</subfield>
            <subfield code="d">1894-1974,</subfield>
            <subfield code="e">actor.</subfield>
        </datafield>
        <datafield tag="700" ind1="1" ind2=" ">
            <subfield code="a">Chauncy, Nan,</subfield>
            <subfield code="d">1900-1970.</subfield>
        </datafield>
        <datafield tag="700" ind1="1" ind2=" ">
            <subfield code="a">Ely, Caleb,</subfield>
            <subfield code="d">1990-</subfield>
            <subfield code="e">actor.</subfield>
        </datafield>
        <datafield tag="700" ind1="1" ind2=" ">
            <subfield code="a">Flaus, John,</subfield>
            <subfield code="d">1934-</subfield>
            <subfield code="e">actor.</subfield>
        </datafield>
        <datafield tag="700" ind1="1" ind2=" ">
            <subfield code="a">Hall, Dan T.,</subfield>
            <subfield code="e">film director,</subfield>
            <subfield code="e">film producer.</subfield>
        </datafield>
        <datafield tag="700" ind1="1" ind2=" ">
            <subfield code="a">Hall, Molly,</subfield>
            <subfield code="d">1993-</subfield>
            <subfield code="e">actor.</subfield>
        </datafield>
        <datafield tag="700" ind1="1" ind2=" ">
            <subfield code="a">Kelly, Tommy,</subfield>
            <subfield code="d">1925-2016,</subfield>
            <subfield code="e">actor.</subfield>
        </datafield>
        <datafield tag="700" ind1="1" ind2=" ">
            <subfield code="a">MacAllister, Abbey,</subfield>
            <subfield code="d">1991-</subfield>
            <subfield code="e">actor.</subfield>
        </datafield>
        <datafield tag="700" ind1="1" ind2=" ">
            <subfield code="a">Robb, Jill,</subfield>
            <subfield code="d">1934-2022,</subfield>
            <subfield code="e">film producer.</subfield>
        </datafield>
        <datafield tag="700" ind1="1" ind2=" ">
            <subfield code="a">Robson, May,</subfield>
            <subfield code="d">1858-1942,</subfield>
            <subfield code="e">actor.</subfield>
        </datafield>
        <datafield tag="700" ind1="1" ind2=" ">
            <subfield code="a">Selznick, David O.,</subfield>
            <subfield code="d">1902-1965,</subfield>
            <subfield code="e">film producer.</subfield>
        </datafield>
        <datafield tag="700" ind1="1" ind2=" ">
            <subfield code="a">Storm, Esben,</subfield>
            <subfield code="d">1950-2011,</subfield>
            <subfield code="e">film director.</subfield>
        </datafield>
        <datafield tag="700" ind1="1" ind2=" ">
            <subfield code="a">Taurog, Norman,</subfield>
            <subfield code="d">1899-1981,</subfield>
            <subfield code="e">film director.</subfield>
        </datafield>
        <datafield tag="700" ind1="1" ind2=" ">
            <subfield code="a">Twain, Mark,</subfield>
            <subfield code="d">1835-1910.</subfield>
            <subfield code="t">Adventures of Tom Sawyer.</subfield>
        </datafield>
        <datafield tag="710" ind1="2" ind2=" ">
            <subfield code="a">Echo Bridge Home Entertainment,</subfield>
            <subfield code="e">publisher.</subfield>
        </datafield>
        <datafield tag="730" ind1="0" ind2="2">
            <subfield code="a">Adventures of Tom Sawyer (Motion picture : 1938)</subfield>
        </datafield>
        <datafield tag="740" ind1="0" ind2="2">
            <subfield code="a">Devil's Hill.</subfield>
        </datafield>
        <datafield tag="740" ind1="0" ind2="2">
            <subfield code="a">Lil' treasure hunters.</subfield>
        </datafield>
        <datafield tag="740" ind1="0" ind2="2">
            <subfield code="a">Little treasure hunters.</subfield>
        </datafield>
        <datafield tag="773" ind1="0" ind2=" ">
            <subfield code="t">Roger Blunck Collection (Library of Congress)</subfield>
        </datafield>
    </record>