
    <record>
        <leader>00837cam a2200265u  4500</leader>
        <controlfield tag="001">9650200</controlfield>
        <controlfield tag="003">LC</controlfield>
        <controlfield tag="005">20160726135852.0</controlfield>
        <controlfield tag="008">810223s1917    nyu           000 0 eng  </controlfield>
        <datafield tag="010" ind1=" " ind2=" ">
            <subfield code="a">   17017433 </subfield>
        </datafield>
        <datafield tag="245" ind1="0" ind2="0">
            <subfield code="a">American fiction: Edgar Allan Poe,</subfield>
        </datafield>
        <datafield tag="260" ind1=" " ind2=" ">
            <subfield code="a">New York,</subfield>
            <subfield code="b">P. F. Collier &amp; son</subfield>
            <subfield code="c">[c1917]</subfield>
        </datafield>
        <datafield tag="300" ind1=" " ind2=" ">
            <subfield code="a">p. cm.</subfield>
        </datafield>
        <datafield tag="490" ind1="0" ind2=" ">
            <subfield code="a">The Harvard classics shelf of fiction</subfield>
        </datafield>
        <datafield tag="700" ind1="1" ind2=" ">
            <subfield code="a">Hale, Edward Everett,</subfield>
            <subfield code="d">1822-1909.</subfield>
        </datafield>
        <datafield tag="700" ind1="1" ind2=" ">
            <subfield code="a">Harte, Bret,</subfield>
            <subfield code="d">1836-1902.</subfield>
        </datafield>
        <datafield tag="700" ind1="1" ind2=" ">
            <subfield code="a">Hawthorne, Nathaniel,</subfield>
            <subfield code="d">1804-1864.</subfield>
        </datafield>
        <datafield tag="700" ind1="1" ind2=" ">
            <subfield code="a">Irving, Washington,</subfield>
            <subfield code="d">1783-1859.</subfield>
        </datafield>
        <datafield tag="700" ind1="1" ind2=" ">
            <subfield code="a">Poe, Edgar Allan,</subfield>
            <subfield code="d">1809-1849.</subfield>
        </datafield>
        <datafield tag="700" ind1="1" ind2=" ">
            <subfield code="a">Twain, Mark,</subfield>
            <subfield code="d">1835-1910.</subfield>
        </datafield>
    </record>