
    <record>
        <leader>01960cim a22004571a 4500</leader>
        <controlfield tag="001">12060775</controlfield>
        <controlfield tag="003">LC</controlfield>
        <controlfield tag="005">20060222110952.0</controlfield>
        <controlfield tag="007">ssulsnjlc---cu</controlfield>
        <controlfield tag="008">920924s1992    ctunnn         f    eng  </controlfield>
        <datafield tag="010" ind1=" " ind2=" ">
            <subfield code="a">   99583185 </subfield>
        </datafield>
        <datafield tag="028" ind1="0" ind2="2">
            <subfield code="a">CB 129-1</subfield>
            <subfield code="b">Listening Library</subfield>
        </datafield>
        <datafield tag="028" ind1="0" ind2="2">
            <subfield code="a">CB 129-2</subfield>
            <subfield code="b">Listening Library</subfield>
        </datafield>
        <datafield tag="245" ind1="0" ind2="0">
            <subfield code="a">American humor and satire</subfield>
            <subfield code="h">sound recording</subfield>
        </datafield>
        <datafield tag="260" ind1=" " ind2=" ">
            <subfield code="a">Old Greenwich, CT :</subfield>
            <subfield code="b">Listening Library,</subfield>
            <subfield code="c">p1992.</subfield>
        </datafield>
        <datafield tag="300" ind1=" " ind2=" ">
            <subfield code="a">2 sound cassettes (122 min.)</subfield>
        </datafield>
        <datafield tag="505" ind1="0" ind2=" ">
            <subfield code="a">Guying the guides / Mark Twain ; Th Glorious whitewasher from The Adventures of Tom Sawyer ;  The Ransom of Red Chief / O.Henry ; The Congressional report / Will Rogers ; Ladies wild, Interoffice memo, Mystery of bridge building / Peter Benchley ; Car we had to push, Interview with Lemming / James Thurber ; Three poems / Ogden Nash ; Old county advice to an American traveler / William Saroyan.</subfield>
        </datafield>
        <datafield tag="700" ind1="1" ind2=" ">
            <subfield code="a">Benchley, Peter.</subfield>
        </datafield>
        <datafield tag="700" ind1="1" ind2=" ">
            <subfield code="a">Henry, O.,</subfield>
            <subfield code="d">1862-1910.</subfield>
        </datafield>
        <datafield tag="700" ind1="1" ind2=" ">
            <subfield code="a">Nash, Ogden,</subfield>
            <subfield code="d">1902-1971.</subfield>
        </datafield>
        <datafield tag="700" ind1="1" ind2=" ">
            <subfield code="a">Rogers, Will,</subfield>
            <subfield code="d">1879-1935.</subfield>
        </datafield>
        <datafield tag="700" ind1="1" ind2=" ">
            <subfield code="a">Saroyan, William,</subfield>
            <subfield code="d">1908-1981.</subfield>
        </datafield>
        <datafield tag="700" ind1="1" ind2=" ">
            <subfield code="a">Twain, Mark,</subfield>
            <subfield code="d">1835-1910.</subfield>
        </datafield>
        <datafield tag="740" ind1="0" ind2=" ">
            <subfield code="a">Adventures of Tom Sawyer</subfield>
            <subfield code="h">sound recording</subfield>
        </datafield>
        <datafield tag="740" ind1="0" ind2=" ">
            <subfield code="a">Congressional report</subfield>
            <subfield code="h">sound recording</subfield>
        </datafield>
        <datafield tag="740" ind1="0" ind2=" ">
            <subfield code="a">Glorious whitewasher</subfield>
            <subfield code="h">sound recording</subfield>
        </datafield>
        <datafield tag="740" ind1="0" ind2=" ">
            <subfield code="a">Guying the guides</subfield>
            <subfield code="h">sound recording</subfield>
        </datafield>
        <datafield tag="740" ind1="0" ind2=" ">
            <subfield code="a">Interoffice memo</subfield>
            <subfield code="h">sound recording</subfield>
        </datafield>
        <datafield tag="740" ind1="0" ind2=" ">
            <subfield code="a">Ladies wild</subfield>
            <subfield code="h">sound recording.</subfield>
        </datafield>
        <datafield tag="740" ind1="0" ind2=" ">
            <subfield code="a">Mystery of bridge burning</subfield>
            <subfield code="h">sound recording.</subfield>
        </datafield>
        <datafield tag="740" ind1="0" ind2=" ">
            <subfield code="a">Old country advice to an American traveler</subfield>
            <subfield code="h">sound recording.</subfield>
        </datafield>
        <datafield tag="740" ind1="0" ind2=" ">
            <subfield code="a">Ransom of Red Chief</subfield>
            <subfield code="h">sound recording.</subfield>
        </datafield>
    </record>