
    <record>
        <leader>02135cam a22004453a 4500</leader>
        <controlfield tag="001">15589017</controlfield>
        <controlfield tag="003">LC</controlfield>
        <controlfield tag="005">20180822075805.0</controlfield>
        <controlfield tag="008">950719s1966    xx            000 0 eng  </controlfield>
        <datafield tag="010" ind1=" " ind2=" ">
            <subfield code="a">  2009656620</subfield>
        </datafield>
        <datafield tag="245" ind1="0" ind2="0">
            <subfield code="a">Apple tree.</subfield>
        </datafield>
        <datafield tag="260" ind1=" " ind2=" ">
            <subfield code="c">[1966].</subfield>
        </datafield>
        <datafield tag="300" ind1=" " ind2=" ">
            <subfield code="a">1 v. (theater program).</subfield>
        </datafield>
        <datafield tag="500" ind1=" " ind2=" ">
            <subfield code="a">LC copy has notations by Coe.</subfield>
            <subfield code="5">DLC</subfield>
        </datafield>
        <datafield tag="500" ind1=" " ind2=" ">
            <subfield code="a">Sam S. Shubert Theatre, 1966.</subfield>
        </datafield>
        <datafield tag="500" ind1=" " ind2=" ">
            <subfield code="a">The diary of Adam and Eve -- The lady or the tiger? -- Passionella.</subfield>
        </datafield>
        <datafield tag="520" ind1=" " ind2=" ">
            <subfield code="a">Stuart Ostrow presents, Barbara Harris, Larry Blyden, Alan Alda, in "The Apple Tree," a new musical, music by Jerry Bock, lyrics by Sheldon Harnick, based on stories by Mark Twain, Frank R. Stockton and Jules Feiffer, with Carmen Alvarez, Jackie Cronin, Michael Davis, Neil F. Jones, Marc Jordan, Robert Klein, Barbara Lang, Mary Louise, Jay Norman, Jaclynn Villamil, book by Mssrs. Harnick and Bock, additional book material by Jerome Coopersmith, additional musical staging by Herbert Ross, entire production directed by Mike Nichols.</subfield>
        </datafield>
        <datafield tag="580" ind1=" " ind2=" ">
            <subfield code="a">In: Richard L. Coe Theater Programs Collection (Library of Congress).</subfield>
        </datafield>
        <datafield tag="700" ind1="1" ind2=" ">
            <subfield code="a">Alda, Alan,</subfield>
            <subfield code="d">1936-</subfield>
        </datafield>
        <datafield tag="700" ind1="1" ind2=" ">
            <subfield code="a">Blyden, Larry,</subfield>
            <subfield code="d">1925-1975.</subfield>
        </datafield>
        <datafield tag="700" ind1="1" ind2=" ">
            <subfield code="a">Bock, Jerry.</subfield>
        </datafield>
        <datafield tag="700" ind1="1" ind2=" ">
            <subfield code="a">Coe, Richard L.</subfield>
            <subfield code="q">(Richard Livingstone),</subfield>
            <subfield code="d">1914-1995,</subfield>
            <subfield code="e">annotator.</subfield>
            <subfield code="5">DLC</subfield>
        </datafield>
        <datafield tag="700" ind1="1" ind2=" ">
            <subfield code="a">Feiffer, Jules.</subfield>
        </datafield>
        <datafield tag="700" ind1="1" ind2=" ">
            <subfield code="a">Harnick, Sheldon.</subfield>
        </datafield>
        <datafield tag="700" ind1="1" ind2=" ">
            <subfield code="a">Harris, Barbara,</subfield>
            <subfield code="d">1935-2018.</subfield>
        </datafield>
        <datafield tag="700" ind1="1" ind2=" ">
            <subfield code="a">Nichols, Mike.</subfield>
        </datafield>
        <datafield tag="700" ind1="1" ind2=" ">
            <subfield code="a">Stockton, Frank R.,</subfield>
            <subfield code="d">1834-1902.</subfield>
        </datafield>
        <datafield tag="700" ind1="1" ind2=" ">
            <subfield code="a">Twain, Mark,</subfield>
            <subfield code="d">1835-1910.</subfield>
        </datafield>
        <datafield tag="710" ind1="2" ind2=" ">
            <subfield code="a">Richard L. Coe Theater Programs Collection (Library of Congress)</subfield>
            <subfield code="5">DLC</subfield>
        </datafield>
        <datafield tag="710" ind1="2" ind2=" ">
            <subfield code="a">Shubert Theatre (Organization : New York, N.Y.)</subfield>
        </datafield>
        <datafield tag="752" ind1=" " ind2=" ">
            <subfield code="a">United States</subfield>
            <subfield code="b">New York</subfield>
            <subfield code="d">New York.</subfield>
        </datafield>
    </record>