
    <record>
        <leader>01779cam a2200337   4500</leader>
        <controlfield tag="001">3157490</controlfield>
        <controlfield tag="003">LC</controlfield>
        <controlfield tag="005">20161209082424.0</controlfield>
        <controlfield tag="008">750715s1967    dcu           000 0 eng  </controlfield>
        <datafield tag="010" ind1=" " ind2=" ">
            <subfield code="a">   74191286 </subfield>
        </datafield>
        <datafield tag="043" ind1=" " ind2=" ">
            <subfield code="a">n-us---</subfield>
        </datafield>
        <datafield tag="082" ind1="0" ind2="0">
            <subfield code="a">346/.73/0482</subfield>
        </datafield>
        <datafield tag="245" ind1="0" ind2="0">
            <subfield code="a">Arguments before the Joint Committee [i.e. the Committees] on Patents of the Senate and House of Representatives on the bills S. 6330 and H.R. 19853 to amend and consolidate the acts respecting copyright.</subfield>
        </datafield>
        <datafield tag="246" ind1="3" ind2=" ">
            <subfield code="a">Arguments before the Joint Committees on Patents of the Senate and House of Representatives on the bills S. 6330 and H.R. 19853 to amend and consolidate the acts respecting copyright</subfield>
        </datafield>
        <datafield tag="260" ind1=" " ind2=" ">
            <subfield code="a">Washington,</subfield>
            <subfield code="b">Rand-McNally,</subfield>
            <subfield code="c">1967.</subfield>
        </datafield>
        <datafield tag="300" ind1=" " ind2=" ">
            <subfield code="a">9 p.</subfield>
            <subfield code="c">23 cm.</subfield>
        </datafield>
        <datafield tag="500" ind1=" " ind2=" ">
            <subfield code="a">At head of title: Copyright hearings, April 10, 1902 [i.e. December 7, 1906]</subfield>
        </datafield>
        <datafield tag="500" ind1=" " ind2=" ">
            <subfield code="a">Cover title.</subfield>
        </datafield>
        <datafield tag="500" ind1=" " ind2=" ">
            <subfield code="a">Statement of S. L. Clemens, excerpted from his statement at the hearing of Dec. 7, 1906, 59th Congress, 1st session, with prefatory and concluding remarks as presented at the 33d Annual Lowell Mason Opening Day Baseball Luncheon in the Senate Family Dining Room Apr. 10, 1967.</subfield>
        </datafield>
        <datafield tag="530" ind1=" " ind2=" ">
            <subfield code="a">Also available in digital form on the Library of Congress Web site.</subfield>
        </datafield>
        <datafield tag="700" ind1="1" ind2=" ">
            <subfield code="a">Twain, Mark,</subfield>
            <subfield code="d">1835-1910.</subfield>
        </datafield>
        <datafield tag="710" ind1="1" ind2=" ">
            <subfield code="a">United States.</subfield>
            <subfield code="b">Congress.</subfield>
            <subfield code="b">House.</subfield>
            <subfield code="b">Committee on Patents.</subfield>
        </datafield>
        <datafield tag="710" ind1="1" ind2=" ">
            <subfield code="a">United States.</subfield>
            <subfield code="b">Congress.</subfield>
            <subfield code="b">Senate.</subfield>
            <subfield code="b">Committee on Patents.</subfield>
        </datafield>
    </record>