
    <record>
        <leader>01311cam a2200253u  4500</leader>
        <controlfield tag="001">7083538</controlfield>
        <controlfield tag="003">LC</controlfield>
        <controlfield tag="005">20160524171239.0</controlfield>
        <controlfield tag="008">861009s1959    xx            000 0 eng  </controlfield>
        <datafield tag="010" ind1=" " ind2=" ">
            <subfield code="a">fi 68000604 </subfield>
        </datafield>
        <datafield tag="245" ind1="0" ind2="4">
            <subfield code="a">The Ballad of Huck Finn [Motion picture]</subfield>
        </datafield>
        <datafield tag="260" ind1=" " ind2=" ">
            <subfield code="a">[n.p.]</subfield>
            <subfield code="b">CBS Films,</subfield>
            <subfield code="c">1959.</subfield>
        </datafield>
        <datafield tag="300" ind1=" " ind2=" ">
            <subfield code="a">p. 85 min. sd. b&amp;w. 16 mm.</subfield>
        </datafield>
        <datafield tag="500" ind1=" " ind2=" ">
            <subfield code="a">A film from the CBS-TV series The Robert Herridge theater. Released on television in three parts.</subfield>
        </datafield>
        <datafield tag="500" ind1=" " ind2=" ">
            <subfield code="a">Based on the novel The adventures of Huckleberry Finn, by Mark Twain.</subfield>
        </datafield>
        <datafield tag="500" ind1=" " ind2=" ">
            <subfield code="a">CREDITS: Producer, Robert Herridge; director, Michael Dreyfuss; adaptor, Robert Herridge; music, Tom Scott. CAST: Kevin Coughlin, Lincoln Kilpatrick, Richard Shepard, Jared Reed.</subfield>
        </datafield>
        <datafield tag="500" ind1=" " ind2=" ">
            <subfield code="a">SUMMARY: A dramatization about the adventures of Huckleberry Finn and his friend Jim, interspersed with musical ballads and commentary by a narrator posing as Mark Twain.</subfield>
        </datafield>
        <datafield tag="600" ind1="1" ind2="0">
            <subfield code="a">Finn, Huckleberry</subfield>
            <subfield code="c">(Fictitious character)</subfield>
            <subfield code="v">Drama.</subfield>
        </datafield>
        <datafield tag="700" ind1="1" ind2=" ">
            <subfield code="a">Twain, Mark,</subfield>
            <subfield code="d">1835-1910.</subfield>
            <subfield code="t">Adventures of Huckleberry Finn. [from old catalog]</subfield>
        </datafield>
        <datafield tag="710" ind1="2" ind2=" ">
            <subfield code="a">CBS Films, inc. [from old catalog]</subfield>
        </datafield>
        <datafield tag="730" ind1="0" ind2=" ">
            <subfield code="a">(The Robert Herridge theater Television program) [from old catalog]</subfield>
        </datafield>
    </record>