
    <record>
        <leader>01275cas a2200373 a 4500</leader>
        <controlfield tag="001">11335023</controlfield>
        <controlfield tag="003">LC</controlfield>
        <controlfield tag="005">20211228065651.0</controlfield>
        <controlfield tag="008">800610d18601866nyu x p       0    0eng c</controlfield>
        <datafield tag="010" ind1=" " ind2=" ">
            <subfield code="a">   87659234 </subfield>
        </datafield>
        <datafield tag="245" ind1="0" ind2="0">
            <subfield code="a">Beadle's dime book of fun.</subfield>
        </datafield>
        <datafield tag="260" ind1=" " ind2=" ">
            <subfield code="a">New York :</subfield>
            <subfield code="b">Irwin P. Beadle &amp; Co.,</subfield>
            <subfield code="c">[1860-1866]</subfield>
        </datafield>
        <datafield tag="300" ind1=" " ind2=" ">
            <subfield code="a">3 volumes :</subfield>
            <subfield code="b">illustrations ;</subfield>
            <subfield code="c">16 cm</subfield>
        </datafield>
        <datafield tag="310" ind1=" " ind2=" ">
            <subfield code="a">Irregular</subfield>
        </datafield>
        <datafield tag="336" ind1=" " ind2=" ">
            <subfield code="a">text</subfield>
            <subfield code="b">txt</subfield>
            <subfield code="2">rdacontent</subfield>
        </datafield>
        <datafield tag="337" ind1=" " ind2=" ">
            <subfield code="a">unmediated</subfield>
            <subfield code="b">n</subfield>
            <subfield code="2">rdamedia</subfield>
        </datafield>
        <datafield tag="338" ind1=" " ind2=" ">
            <subfield code="a">volume</subfield>
            <subfield code="b">nc</subfield>
            <subfield code="2">rdacarrier</subfield>
        </datafield>
        <datafield tag="362" ind1="0" ind2=" ">
            <subfield code="a">No. 1-no. 3.</subfield>
        </datafield>
        <datafield tag="500" ind1=" " ind2=" ">
            <subfield code="a">Issue no. 3 contains three stories by Mark Twain: Story no. six; Jim Smiley's frog, and: Mark Twain on Fitz Smythe's horse.</subfield>
        </datafield>
        <datafield tag="510" ind1="4" ind2=" ">
            <subfield code="a">BAL</subfield>
            <subfield code="c">3309</subfield>
        </datafield>
        <datafield tag="550" ind1=" " ind2=" ">
            <subfield code="a">Issue no. 3 published by: Beadle and Company.</subfield>
        </datafield>
        <datafield tag="700" ind1="1" ind2=" ">
            <subfield code="a">Twain, Mark,</subfield>
            <subfield code="d">1835-1910.</subfield>
        </datafield>
        <datafield tag="710" ind1="2" ind2=" ">
            <subfield code="a">Beadle and Company.</subfield>
        </datafield>
        <datafield tag="710" ind1="2" ind2=" ">
            <subfield code="a">Irwin P. Beadle &amp; Co. (1859-1860)</subfield>
        </datafield>
        <datafield tag="850" ind1=" " ind2=" ">
            <subfield code="a">DLC</subfield>
        </datafield>
    </record>