
    <record>
        <leader>01851cam a2200385 a 4500</leader>
        <controlfield tag="001">1148773</controlfield>
        <controlfield tag="003">LC</controlfield>
        <controlfield tag="005">20200108113215.0</controlfield>
        <controlfield tag="008">950227m18731874enka          000 0 eng  </controlfield>
        <datafield tag="010" ind1=" " ind2=" ">
            <subfield code="a">   95121035 </subfield>
        </datafield>
        <datafield tag="245" ind1="0" ind2="0">
            <subfield code="a">[Bound individual short stories and single issues of serials in the Roy J. Friedman Mark Twain Collection of the Library of Congress].</subfield>
        </datafield>
        <datafield tag="260" ind1=" " ind2=" ">
            <subfield code="c">ca. 1873-1974.</subfield>
        </datafield>
        <datafield tag="300" ind1=" " ind2=" ">
            <subfield code="a">4 items :</subfield>
            <subfield code="b">ill. ;</subfield>
            <subfield code="c">25 cm.</subfield>
        </datafield>
        <datafield tag="500" ind1=" " ind2=" ">
            <subfield code="a">Bound together in worn separated binding; pieces of detached spine laid in; binder's title: Piccadilly annual &amp; c.</subfield>
            <subfield code="5">DLC</subfield>
        </datafield>
        <datafield tag="500" ind1=" " ind2=" ">
            <subfield code="a">Source: Gift of Frances R. Friedman, June 15, 1992.</subfield>
            <subfield code="5">DLC</subfield>
        </datafield>
        <datafield tag="505" ind1="0" ind2=" ">
            <subfield code="a">Memoranda / by Mark Twain (in The Piccadilly annual of entertaining literature) -- Jon Duan / by the authors of "The coming K" and "The Siliad" -- Winged arrows, being the extra part of The quiver, Christmas, 1873 -- Sixty per cent, a domestic ditty / by George Manville Fenn ... being the Christmas annual of Once a week ... 1874.</subfield>
        </datafield>
        <datafield tag="700" ind1="1" ind2="2">
            <subfield code="a">Beeton, Samuel Orchart,</subfield>
            <subfield code="d">1831-1877.</subfield>
            <subfield code="t">Jon Duan.</subfield>
        </datafield>
        <datafield tag="700" ind1="1" ind2="2">
            <subfield code="a">Fenn, George Manville,</subfield>
            <subfield code="d">1831-1909.</subfield>
            <subfield code="t">Sixty per cent, a domestic ditty.</subfield>
        </datafield>
        <datafield tag="700" ind1="1" ind2="2">
            <subfield code="a">Twain, Mark,</subfield>
            <subfield code="d">1835-1910.</subfield>
            <subfield code="t">Memoranda.</subfield>
        </datafield>
        <datafield tag="710" ind1="2" ind2=" ">
            <subfield code="a">Roy J. Friedman Mark Twain Collection (Library of Congress)</subfield>
            <subfield code="5">DLC</subfield>
        </datafield>
        <datafield tag="730" ind1="0" ind2=" ">
            <subfield code="a">Once a week.</subfield>
        </datafield>
        <datafield tag="730" ind1="0" ind2=" ">
            <subfield code="a">Piccadilly annual &amp; c.</subfield>
            <subfield code="5">DLC</subfield>
        </datafield>
        <datafield tag="730" ind1="0" ind2=" ">
            <subfield code="a">Piccadilly annual of entertaining literature.</subfield>
        </datafield>
        <datafield tag="730" ind1="0" ind2=" ">
            <subfield code="a">Quiver.</subfield>
        </datafield>
    </record>