
    <record>
        <leader>01886cam a2200397 a 4500</leader>
        <controlfield tag="001">3473863</controlfield>
        <controlfield tag="003">LC</controlfield>
        <controlfield tag="005">20190603121727.0</controlfield>
        <controlfield tag="008">930222s1872    caua          000 0 eng  </controlfield>
        <datafield tag="010" ind1=" " ind2=" ">
            <subfield code="a">   93118066 </subfield>
        </datafield>
        <datafield tag="043" ind1=" " ind2=" ">
            <subfield code="a">n-us-ca</subfield>
        </datafield>
        <datafield tag="245" ind1="0" ind2="4">
            <subfield code="a">The Buyers' manual and business guide :</subfield>
            <subfield code="b">being a description of the leading business houses, manufactories, inventions, etc., of the Pacific coast, together with copious and readable selections, chiefly from California writers /</subfield>
            <subfield code="c">compiled by J. Price and C.S. Haley.</subfield>
        </datafield>
        <datafield tag="260" ind1=" " ind2=" ">
            <subfield code="a">San Francisco :</subfield>
            <subfield code="b">Francis &amp; Valentine,</subfield>
            <subfield code="c">1872.</subfield>
        </datafield>
        <datafield tag="300" ind1=" " ind2=" ">
            <subfield code="a">v, 192, 16 p. :</subfield>
            <subfield code="b">ill. ;</subfield>
            <subfield code="c">23 cm.</subfield>
        </datafield>
        <datafield tag="500" ind1=" " ind2=" ">
            <subfield code="a">"In addition to the business guide proper ... selections in prose and verse, chiefly from California authors, among whom will be found the names of Frank Bret Harte, Samuel Clemens (Mark Twain) ... [et al.]"--Pref.</subfield>
        </datafield>
        <datafield tag="500" ind1=" " ind2=" ">
            <subfield code="a">Cover title: Tales, sketches, poetry and music.</subfield>
        </datafield>
        <datafield tag="500" ind1=" " ind2=" ">
            <subfield code="a">Includes first publication of "The public to Mark Twain" (p. 44) and his reply (p. 45).</subfield>
        </datafield>
        <datafield tag="500" ind1=" " ind2=" ">
            <subfield code="a">Source: Gift of Frances R. Friedman, June 15, 1992.</subfield>
            <subfield code="5">DLC</subfield>
        </datafield>
        <datafield tag="700" ind1="1" ind2=" ">
            <subfield code="a">Haley, C. S.</subfield>
            <subfield code="q">(Charles Stanwood)</subfield>
        </datafield>
        <datafield tag="700" ind1="1" ind2=" ">
            <subfield code="a">Price, Jacob.</subfield>
        </datafield>
        <datafield tag="700" ind1="1" ind2="2">
            <subfield code="a">Twain, Mark,</subfield>
            <subfield code="d">1835-1910.</subfield>
            <subfield code="t">Works.</subfield>
            <subfield code="k">Selections.</subfield>
            <subfield code="f">1872.</subfield>
        </datafield>
        <datafield tag="710" ind1="2" ind2=" ">
            <subfield code="a">Roy J. Friedman Mark Twain Collection (Library of Congress)</subfield>
            <subfield code="5">DLC</subfield>
        </datafield>
        <datafield tag="740" ind1="0" ind2=" ">
            <subfield code="a">Tales, sketches, poetry and music.</subfield>
        </datafield>
    </record>