
    <record>
        <leader>01421cam a2200337 a 4500</leader>
        <controlfield tag="001">3432770</controlfield>
        <controlfield tag="003">LC</controlfield>
        <controlfield tag="005">19951019135406.8</controlfield>
        <controlfield tag="008">910611r1991    nyu      b    000 0 eng  </controlfield>
        <datafield tag="010" ind1=" " ind2=" ">
            <subfield code="a">   91023266 </subfield>
        </datafield>
        <datafield tag="020" ind1=" " ind2=" ">
            <subfield code="a">0486269353 (pbk.) :</subfield>
            <subfield code="c">$6.95</subfield>
        </datafield>
        <datafield tag="043" ind1=" " ind2=" ">
            <subfield code="a">n-us-ca</subfield>
        </datafield>
        <datafield tag="082" ind1="0" ind2="0">
            <subfield code="a">810.8/004</subfield>
            <subfield code="2">20</subfield>
        </datafield>
        <datafield tag="130" ind1="0" ind2=" ">
            <subfield code="a">Sketches of the sixties.</subfield>
        </datafield>
        <datafield tag="245" ind1="1" ind2="0">
            <subfield code="a">California sketches /</subfield>
            <subfield code="c">Mark Twain and Bret Harte.</subfield>
        </datafield>
        <datafield tag="260" ind1=" " ind2=" ">
            <subfield code="a">New York :</subfield>
            <subfield code="b">Dover Publications,</subfield>
            <subfield code="c">1991.</subfield>
        </datafield>
        <datafield tag="300" ind1=" " ind2=" ">
            <subfield code="a">xiv, 221 p. ;</subfield>
            <subfield code="c">22 cm.</subfield>
        </datafield>
        <datafield tag="500" ind1=" " ind2=" ">
            <subfield code="a">"Unabridged republication of the work originally published under the title Sketches of the sixties: being forgotten material now collected for the first time from the Californian, 1864-67, John Howell, San Francisco, 1926"--T.p. verso.</subfield>
        </datafield>
        <datafield tag="504" ind1=" " ind2=" ">
            <subfield code="a">Includes bibliographical references (p. [217]-221).</subfield>
        </datafield>
        <datafield tag="700" ind1="1" ind2=" ">
            <subfield code="a">Harte, Bret,</subfield>
            <subfield code="d">1836-1902.</subfield>
        </datafield>
        <datafield tag="700" ind1="1" ind2=" ">
            <subfield code="a">Twain, Mark,</subfield>
            <subfield code="d">1835-1910.</subfield>
        </datafield>
    </record>