
    <record>
        <leader>04004cam a2200529 i 4500</leader>
        <controlfield tag="001">19192520</controlfield>
        <controlfield tag="003">LC</controlfield>
        <controlfield tag="005">20161214140448.0</controlfield>
        <controlfield tag="008">160726r20141992nyu      b    000 0aeng  </controlfield>
        <datafield tag="010" ind1=" " ind2=" ">
            <subfield code="a">  2016303011</subfield>
        </datafield>
        <datafield tag="020" ind1=" " ind2=" ">
            <subfield code="a">045147144X</subfield>
        </datafield>
        <datafield tag="020" ind1=" " ind2=" ">
            <subfield code="a">9780451471444</subfield>
        </datafield>
        <datafield tag="043" ind1=" " ind2=" ">
            <subfield code="a">n-us---</subfield>
        </datafield>
        <datafield tag="082" ind1="0" ind2="0">
            <subfield code="a">920.073</subfield>
            <subfield code="2">23</subfield>
        </datafield>
        <datafield tag="245" ind1="0" ind2="0">
            <subfield code="a">Classic American autobiographies /</subfield>
            <subfield code="c">edited and with an introduction by William L. Andrews and with a new afterword by Paul John Eakin.</subfield>
        </datafield>
        <datafield tag="264" ind1=" " ind2="1">
            <subfield code="a">New York, New York</subfield>
            <subfield code="b">Signet Classics,</subfield>
            <subfield code="c">[2014]</subfield>
        </datafield>
        <datafield tag="264" ind1=" " ind2="4">
            <subfield code="c">©2014.</subfield>
        </datafield>
        <datafield tag="300" ind1=" " ind2=" ">
            <subfield code="a">xix, 472 pages ;</subfield>
            <subfield code="c">18 cm.</subfield>
        </datafield>
        <datafield tag="336" ind1=" " ind2=" ">
            <subfield code="a">text</subfield>
            <subfield code="b">txt</subfield>
            <subfield code="2">rdacontent</subfield>
        </datafield>
        <datafield tag="337" ind1=" " ind2=" ">
            <subfield code="a">unmediated</subfield>
            <subfield code="b">n</subfield>
            <subfield code="2">rdamedia</subfield>
        </datafield>
        <datafield tag="338" ind1=" " ind2=" ">
            <subfield code="a">volume</subfield>
            <subfield code="b">nc</subfield>
            <subfield code="2">rdacarrier</subfield>
        </datafield>
        <datafield tag="490" ind1="1" ind2=" ">
            <subfield code="a">Signet classics.</subfield>
        </datafield>
        <datafield tag="500" ind1=" " ind2=" ">
            <subfield code="a">Originally published: New York : Mentor, c1992.</subfield>
        </datafield>
        <datafield tag="504" ind1=" " ind2=" ">
            <subfield code="a">Includes bibliographical references (pages 471-472)</subfield>
        </datafield>
        <datafield tag="505" ind1="0" ind2=" ">
            <subfield code="a">A true history of captivity and restoration of Mrs. Mary Robinson (1682) / Mary Rowlandson -- The autobiography of Benjamin Franklin (1771-1789) / Benjamin Franklin -- Narrative of the life of Frederick Douglass (1845) / Frederick Douglass -- Old times on the Mississippi (1875) / Mark Twain -- Four autobiographical narratives (1900-1902) / Zitkala-Sa.</subfield>
        </datafield>
        <datafield tag="520" ind1=" " ind2=" ">
            <subfield code="a">A True History of the Captivity and Restoration of Mrs. Mary Rowlandson (1682), perhaps the first American bestseller, recounts this thirty-nine-year-old woman's harrowing months as the captive of Narragansett Indians. The Autobiography of Benjamin Franklin (1771-1789), the most famous of all American autobiographies, gives a lively portrait of a chandler's son who became a scientist, inventor, educator, diplomat, humorist--and a Founding Father of this land. Narrative of the Life of Frederick Douglass (1845), the gripping slave narrative that helped change the course of American history, reveals the true nature of the black experience in slavery. Old Times on the Mississippi (1875), Mark Twain's unforgettable account of a riverboat pilot's life, established his signature style and shows us the metamorphosis of a man into a writer. Four Autobiographical Narratives (1900-1902), published in the Atlantic Monthly by Zitkala-Sa (Red Bird), also known as Gertrude Bonnin, provide us with a voice too seldom heard: a Native American woman fighting for her culture in the white man's world.</subfield>
        </datafield>
        <datafield tag="700" ind1="0" ind2="2">
            <subfield code="a">Zitkala-S̈a,</subfield>
            <subfield code="d">1876-1938.</subfield>
            <subfield code="t">Impressions of an Indian childhood.</subfield>
            <subfield code="i">Container of (work),</subfield>
        </datafield>
        <datafield tag="700" ind1="0" ind2="2">
            <subfield code="a">Zitkala-S̈a,</subfield>
            <subfield code="d">1876-1938.</subfield>
            <subfield code="t">Indian teacher among Indians.</subfield>
            <subfield code="i">Container of (work),</subfield>
        </datafield>
        <datafield tag="700" ind1="0" ind2="2">
            <subfield code="a">Zitkala-S̈a,</subfield>
            <subfield code="d">1876-1938.</subfield>
            <subfield code="t">School days of an Indian girl.</subfield>
            <subfield code="i">Container of (work),</subfield>
        </datafield>
        <datafield tag="700" ind1="0" ind2="2">
            <subfield code="a">Zitkala-S̈a,</subfield>
            <subfield code="d">1876-1938.</subfield>
            <subfield code="t">Why I am a pagan.</subfield>
            <subfield code="i">Container of (work),</subfield>
        </datafield>
        <datafield tag="700" ind1="1" ind2=" ">
            <subfield code="a">Andrews, William L.,</subfield>
            <subfield code="d">1946-</subfield>
            <subfield code="e">editor,</subfield>
            <subfield code="e">writer of introduction.</subfield>
        </datafield>
        <datafield tag="700" ind1="1" ind2=" ">
            <subfield code="a">Eakin, Paul John,</subfield>
            <subfield code="e">writer of supplementary textual content.</subfield>
        </datafield>
        <datafield tag="700" ind1="1" ind2="2">
            <subfield code="a">Douglass, Frederick,</subfield>
            <subfield code="d">1818-1895.</subfield>
            <subfield code="t">Narrative of the life of Frederick Douglass, an American slave.</subfield>
            <subfield code="i">Container of (work),</subfield>
        </datafield>
        <datafield tag="700" ind1="1" ind2="2">
            <subfield code="a">Franklin, Benjamin,</subfield>
            <subfield code="d">1706-1790.</subfield>
            <subfield code="t">Autobiography.</subfield>
            <subfield code="i">Container of (work),</subfield>
        </datafield>
        <datafield tag="700" ind1="1" ind2="2">
            <subfield code="a">Rowlandson, Mary White,</subfield>
            <subfield code="d">approximately 1635-1711.</subfield>
            <subfield code="t">Soveraignty &amp; goodness of God.</subfield>
            <subfield code="i">Container of (work),</subfield>
        </datafield>
        <datafield tag="700" ind1="1" ind2="2">
            <subfield code="a">Twain, Mark,</subfield>
            <subfield code="d">1835-1910.</subfield>
            <subfield code="t">Old times on the Mississippi.</subfield>
            <subfield code="i">Container of (work),</subfield>
        </datafield>
        <datafield tag="830" ind1=" " ind2="0">
            <subfield code="a">Signet classics</subfield>
        </datafield>
    </record>