
    <record>
        <leader>01000cam a2200277 a 4500</leader>
        <controlfield tag="001">16203059</controlfield>
        <controlfield tag="003">LC</controlfield>
        <controlfield tag="005">20160610100415.0</controlfield>
        <controlfield tag="008">100426s2010    ohu           000 1 eng  </controlfield>
        <datafield tag="010" ind1=" " ind2=" ">
            <subfield code="a">  2010927503</subfield>
        </datafield>
        <datafield tag="020" ind1=" " ind2=" ">
            <subfield code="a">9780984409815 (pbk.)</subfield>
        </datafield>
        <datafield tag="245" ind1="0" ind2="2">
            <subfield code="a">A collection of classic short stories /</subfield>
            <subfield code="c">Mark Twain ... [et al.] ; edited by Yona Rodrigue Cohen.</subfield>
        </datafield>
        <datafield tag="260" ind1=" " ind2=" ">
            <subfield code="a">Mason, OH :</subfield>
            <subfield code="b">ELL Reading,</subfield>
            <subfield code="c">c2010.</subfield>
        </datafield>
        <datafield tag="300" ind1=" " ind2=" ">
            <subfield code="a">146 p. ;</subfield>
            <subfield code="c">22 cm.</subfield>
        </datafield>
        <datafield tag="700" ind1="1" ind2=" ">
            <subfield code="a">Cohen, Yona Rodrigue,</subfield>
            <subfield code="e">editor.</subfield>
        </datafield>
        <datafield tag="700" ind1="1" ind2=" ">
            <subfield code="a">Twain, Mark,</subfield>
            <subfield code="d">1835-1910,</subfield>
            <subfield code="e">author.</subfield>
        </datafield>
    </record>