
    <record>
        <leader>02302cam a22003973a 4500</leader>
        <controlfield tag="001">15755386</controlfield>
        <controlfield tag="003">LC</controlfield>
        <controlfield tag="005">20090629082553.0</controlfield>
        <controlfield tag="008">950818s1951    xx            000 0deng  </controlfield>
        <datafield tag="010" ind1=" " ind2=" ">
            <subfield code="a">  2009657003</subfield>
        </datafield>
        <datafield tag="245" ind1="0" ind2="2">
            <subfield code="a">A Connecticut Yankee.</subfield>
        </datafield>
        <datafield tag="260" ind1=" " ind2=" ">
            <subfield code="c">[1951].</subfield>
        </datafield>
        <datafield tag="300" ind1=" " ind2=" ">
            <subfield code="a">1 v. (theater program).</subfield>
        </datafield>
        <datafield tag="500" ind1=" " ind2=" ">
            <subfield code="a">Cast: Lou White, Ray Hyson, Ward Garner, Peter Hobbs, Lawrence Ryle, Tom Bole, Richard Curry, Robert Morris, Robert Wallace, Paula Laurence, Ellen Hanley, Martin Greene, Ann Rhys, Tony Seiniger, Virginia Citron, Beverlee Bozeman, Sybil Lamb, Victoria Sawdon, Dolores Belson, Cathy King, Fred Harloe, James Timoney, Robert Sheridan.</subfield>
        </datafield>
        <datafield tag="500" ind1=" " ind2=" ">
            <subfield code="a">Title devised by Library staff.</subfield>
        </datafield>
        <datafield tag="500" ind1=" " ind2=" ">
            <subfield code="a">Westhampton Playhouse, week of July 23-July 28, [1951].</subfield>
        </datafield>
        <datafield tag="520" ind1=" " ind2=" ">
            <subfield code="a">Westhampton Playhouse, Ron Rawson presents Paula Laurence in Summer Musicals' Production of "A Connecticut Yankee," with Ray Hyson, Ellen Hanley, Peter Hobbs, Ward Garner, Lou White and Beverlee Bozeman, music by Richard Rodgers, lyrics by Lorenz Hart, book by Herbert Fields, directed by Carmen Capalbo, resident director Paul Morrison, resident scene designer Richard Burns, dances and musical numbers staged by Beverlee Bozeman, scenery plan by William Moore, costumes designed by Miss Bozeman, musical arrangements by Dean Fuller.</subfield>
        </datafield>
        <datafield tag="580" ind1=" " ind2=" ">
            <subfield code="a">In: Richard L. Coe Theater Programs Collection (Library of Congress).</subfield>
        </datafield>
        <datafield tag="700" ind1="1" ind2=" ">
            <subfield code="a">Capalbo, Carmen.</subfield>
        </datafield>
        <datafield tag="700" ind1="1" ind2=" ">
            <subfield code="a">Fields, Herbert,</subfield>
            <subfield code="d">1897-1958.</subfield>
        </datafield>
        <datafield tag="700" ind1="1" ind2=" ">
            <subfield code="a">Hart, Lorenz,</subfield>
            <subfield code="d">1895-1943.</subfield>
        </datafield>
        <datafield tag="700" ind1="1" ind2=" ">
            <subfield code="a">Laurence, Paula.</subfield>
        </datafield>
        <datafield tag="700" ind1="1" ind2=" ">
            <subfield code="a">Rodgers, Richard,</subfield>
            <subfield code="d">1902-1979.</subfield>
            <subfield code="t">Connecticut Yankee.</subfield>
        </datafield>
        <datafield tag="700" ind1="1" ind2=" ">
            <subfield code="a">Twain, Mark,</subfield>
            <subfield code="d">1835-1910.</subfield>
            <subfield code="t">Connecticut Yankee in King Arthur's court.</subfield>
        </datafield>
        <datafield tag="710" ind1="2" ind2=" ">
            <subfield code="a">Richard L. Coe Theater Programs Collection (Library of Congress)</subfield>
            <subfield code="5">DLC</subfield>
        </datafield>
        <datafield tag="710" ind1="2" ind2=" ">
            <subfield code="a">Westhampton Playhouse (Organization : Westhampton, N.Y.)</subfield>
        </datafield>
        <datafield tag="752" ind1=" " ind2=" ">
            <subfield code="a">United States</subfield>
            <subfield code="b">New York</subfield>
            <subfield code="d">Westhampton.</subfield>
        </datafield>
    </record>