
    <record>
        <leader>02238cam a22004573a 4500</leader>
        <controlfield tag="001">15755411</controlfield>
        <controlfield tag="003">LC</controlfield>
        <controlfield tag="005">20220325104523.0</controlfield>
        <controlfield tag="008">950818s1944    xx            000 0 eng  </controlfield>
        <datafield tag="010" ind1=" " ind2=" ">
            <subfield code="a">  2009657002</subfield>
        </datafield>
        <datafield tag="245" ind1="0" ind2="2">
            <subfield code="a">A Connecticut Yankee.</subfield>
        </datafield>
        <datafield tag="260" ind1=" " ind2=" ">
            <subfield code="c">1944.</subfield>
        </datafield>
        <datafield tag="300" ind1=" " ind2=" ">
            <subfield code="a">1 v. (theater program).</subfield>
        </datafield>
        <datafield tag="500" ind1=" " ind2=" ">
            <subfield code="a">Cast: Robert Byrn, A.J. Herbert, Robert Chisholm, Chester Stratton, Jere McMahon, Dick Foran, Stuart Casey, Vivienne Segal, Mimi Berry, Virginia Reed, Janet Joy, Vera-Ellen, Lester Freedman.</subfield>
        </datafield>
        <datafield tag="500" ind1=" " ind2=" ">
            <subfield code="a">National Theatre, April 3, 1944.</subfield>
        </datafield>
        <datafield tag="500" ind1=" " ind2=" ">
            <subfield code="a">Title devised by Library staff.</subfield>
        </datafield>
        <datafield tag="520" ind1=" " ind2=" ">
            <subfield code="a">National Theatre, Richard Rodgers presents a new musical adaptation of Mark Twain's "A Connecticut Yankee," with Vivienne Segal, Dick Foran, book by Herbert Fields, music by Richard Rogers, lyrics by Lorenz Hart, directed by John C. Wilson, production by Nat Karson, dances by William Holbrook and Al White, Jr., orchestra under direction of George Hirst, orchestrations by Don Walker.</subfield>
        </datafield>
        <datafield tag="580" ind1=" " ind2=" ">
            <subfield code="a">In: Richard L. Coe Theater Programs Collection (Library of Congress).</subfield>
        </datafield>
        <datafield tag="700" ind1="1" ind2=" ">
            <subfield code="a">Fields, Herbert,</subfield>
            <subfield code="d">1897-1958.</subfield>
        </datafield>
        <datafield tag="700" ind1="1" ind2=" ">
            <subfield code="a">Foran, Dick,</subfield>
            <subfield code="d">1910-1979.</subfield>
        </datafield>
        <datafield tag="700" ind1="1" ind2=" ">
            <subfield code="a">Hart, Lorenz,</subfield>
            <subfield code="d">1895-1943.</subfield>
        </datafield>
        <datafield tag="700" ind1="1" ind2=" ">
            <subfield code="a">Rodgers, Richard,</subfield>
            <subfield code="d">1902-1979.</subfield>
            <subfield code="t">Connecticut Yankee.</subfield>
        </datafield>
        <datafield tag="700" ind1="1" ind2=" ">
            <subfield code="a">Segal, Vivienne.</subfield>
        </datafield>
        <datafield tag="700" ind1="1" ind2=" ">
            <subfield code="a">Twain, Mark,</subfield>
            <subfield code="d">1835-1910.</subfield>
            <subfield code="t">Connecticut Yankee in King Arthur's court.</subfield>
        </datafield>
        <datafield tag="700" ind1="1" ind2=" ">
            <subfield code="a">Wilson, John C.,</subfield>
            <subfield code="d">approximately 1899-1961.</subfield>
        </datafield>
        <datafield tag="710" ind1="2" ind2=" ">
            <subfield code="a">National Theatre Corporation (Washington, D.C.)</subfield>
        </datafield>
        <datafield tag="710" ind1="2" ind2=" ">
            <subfield code="a">Richard L. Coe Theater Programs Collection (Library of Congress)</subfield>
            <subfield code="5">DLC</subfield>
        </datafield>
        <datafield tag="752" ind1=" " ind2=" ">
            <subfield code="a">United States</subfield>
            <subfield code="b">District of Columbia</subfield>
            <subfield code="d">Washington.</subfield>
        </datafield>
    </record>