
    <record>
        <leader>02265cgm a22004937a 4500</leader>
        <controlfield tag="001">11727671</controlfield>
        <controlfield tag="003">LC</controlfield>
        <controlfield tag="005">20130506084117.0</controlfield>
        <controlfield tag="007">v| ||||||</controlfield>
        <controlfield tag="008">990211s1931    xxu096            mleng  </controlfield>
        <datafield tag="010" ind1=" " ind2=" ">
            <subfield code="a">   99401624 </subfield>
        </datafield>
        <datafield tag="017" ind1=" " ind2=" ">
            <subfield code="a">LP2048</subfield>
            <subfield code="b">U.S. Copyright Office</subfield>
        </datafield>
        <datafield tag="043" ind1=" " ind2=" ">
            <subfield code="a">e-uk---</subfield>
        </datafield>
        <datafield tag="245" ind1="0" ind2="2">
            <subfield code="a">A Connecticut yankee /</subfield>
            <subfield code="c">Fox Film Corp. ; director, producer, David Butler ; adaptation and dialogue, William Conselman.</subfield>
        </datafield>
        <datafield tag="246" ind1="1" ind2=" ">
            <subfield code="i">Alternate title:</subfield>
            <subfield code="a">Connecticut yankee in King Arthur's court</subfield>
        </datafield>
        <datafield tag="257" ind1=" " ind2=" ">
            <subfield code="a">U.S.</subfield>
        </datafield>
        <datafield tag="260" ind1=" " ind2=" ">
            <subfield code="a">United States :</subfield>
            <subfield code="b">Fox Film Corp.,</subfield>
            <subfield code="c">1931.</subfield>
        </datafield>
        <datafield tag="300" ind1=" " ind2=" ">
            <subfield code="a">1 videocassette of 1 (ca. 96 min.) :</subfield>
            <subfield code="b">sd., b&amp;w ;</subfield>
            <subfield code="c">1/2 in. viewing copy.</subfield>
        </datafield>
        <datafield tag="500" ind1=" " ind2=" ">
            <subfield code="a">Based on the novel, A Connecticut yankee in King Arthur's court, by Mark Twain.</subfield>
        </datafield>
        <datafield tag="500" ind1=" " ind2=" ">
            <subfield code="a">Copyright: Fox Film Corp.; 5Apr31; LP2048.</subfield>
        </datafield>
        <datafield tag="500" ind1=" " ind2=" ">
            <subfield code="a">Sources used: Rollins, P. Will Rogers--a bio-bibliography, p. 197-198; MBRS subject files; American Film Institute catalog, feature films, 1931-40, F3.0801; Catalog of copyright entries, motion pictures, 1912-39.</subfield>
        </datafield>
        <datafield tag="508" ind1=" " ind2=" ">
            <subfield code="a">Photography, Ernest Palmer.</subfield>
        </datafield>
        <datafield tag="511" ind1="1" ind2=" ">
            <subfield code="a">Will Rogers, William Farnum, Maureen O'Sullivan, Myrna Loy, Frank Albertson, Brandon Hurst, Mitchell Harris, Ward Bond.</subfield>
        </datafield>
        <datafield tag="541" ind1=" " ind2=" ">
            <subfield code="d">Received: 1/31/97;</subfield>
            <subfield code="3">viewing copy;</subfield>
            <subfield code="c">purchase;</subfield>
            <subfield code="a">LC Purchase Collection.</subfield>
        </datafield>
        <datafield tag="700" ind1="1" ind2=" ">
            <subfield code="a">Butler, David,</subfield>
            <subfield code="d">1894-1979,</subfield>
            <subfield code="e">direction,</subfield>
            <subfield code="e">production.</subfield>
        </datafield>
        <datafield tag="700" ind1="1" ind2=" ">
            <subfield code="a">Conselman, William,</subfield>
            <subfield code="d">1896-1940,</subfield>
            <subfield code="e">writing.</subfield>
        </datafield>
        <datafield tag="700" ind1="1" ind2=" ">
            <subfield code="a">Rogers, Will,</subfield>
            <subfield code="d">1879-1935,</subfield>
            <subfield code="e">cast.</subfield>
        </datafield>
        <datafield tag="700" ind1="1" ind2=" ">
            <subfield code="a">Twain, Mark,</subfield>
            <subfield code="d">1835-1910.</subfield>
            <subfield code="t">Connecticut Yankee in King Arthur's court.</subfield>
        </datafield>
        <datafield tag="710" ind1="2" ind2=" ">
            <subfield code="a">LC Purchase Collection (Library of Congress)</subfield>
            <subfield code="5">DLC</subfield>
        </datafield>
    </record>