
    <record>
        <leader>01998cgm a22004577a 4500</leader>
        <controlfield tag="001">11727700</controlfield>
        <controlfield tag="003">LC</controlfield>
        <controlfield tag="005">20130506084250.0</controlfield>
        <controlfield tag="007">v| ||||||</controlfield>
        <controlfield tag="008">990212s1949    xxu107            mleng  </controlfield>
        <datafield tag="010" ind1=" " ind2=" ">
            <subfield code="a">   99401663 </subfield>
        </datafield>
        <datafield tag="017" ind1=" " ind2=" ">
            <subfield code="a">LP2265</subfield>
            <subfield code="b">U.S. Copyright Office</subfield>
        </datafield>
        <datafield tag="043" ind1=" " ind2=" ">
            <subfield code="a">e-uk---</subfield>
        </datafield>
        <datafield tag="245" ind1="0" ind2="2">
            <subfield code="a">A Connecticut yankee in King Arthur's court /</subfield>
            <subfield code="c">Paramount Pictures ; director, Tay Garnett ; producer, Robert Fellows ; screenplay, Edmund Beloin.</subfield>
        </datafield>
        <datafield tag="257" ind1=" " ind2=" ">
            <subfield code="a">U.S.</subfield>
        </datafield>
        <datafield tag="260" ind1=" " ind2=" ">
            <subfield code="a">United States :</subfield>
            <subfield code="b">Paramount Pictures,</subfield>
            <subfield code="c">1949.</subfield>
        </datafield>
        <datafield tag="300" ind1=" " ind2=" ">
            <subfield code="a">1 videocdisc of 1 (ca. 107 min.) :</subfield>
            <subfield code="b">sd., col. ;</subfield>
            <subfield code="c">1/2 in. viewing copy.</subfield>
        </datafield>
        <datafield tag="500" ind1=" " ind2=" ">
            <subfield code="a">Based on the novel, A Connecticut yankee in King Arthur's court, by Mark Twain.</subfield>
        </datafield>
        <datafield tag="500" ind1=" " ind2=" ">
            <subfield code="a">Copyright: Paramount Pictures Inc.; 22Apr49 (in notice: 1948); LP2265.</subfield>
        </datafield>
        <datafield tag="500" ind1=" " ind2=" ">
            <subfield code="a">Sources used: videodisc packaging; Catalog of copyright entries, motion pictures, 1940-49, p. 73.</subfield>
        </datafield>
        <datafield tag="508" ind1=" " ind2=" ">
            <subfield code="a">Music by Jimmy Van Heusen, Johnny Burke.</subfield>
        </datafield>
        <datafield tag="511" ind1="1" ind2=" ">
            <subfield code="a">Bing Crosby, Rhonda Fleming, William Bendix, Sir Cedric Hardwicke, Murvyn Vye, Virginia Field, Henry Wilcoxon.</subfield>
        </datafield>
        <datafield tag="541" ind1=" " ind2=" ">
            <subfield code="d">Received: 1/31/97;</subfield>
            <subfield code="3">viewing copy;</subfield>
            <subfield code="c">purchase;</subfield>
            <subfield code="a">LC Purchase Collection.</subfield>
        </datafield>
        <datafield tag="700" ind1="1" ind2=" ">
            <subfield code="a">Twain, Mark,</subfield>
            <subfield code="d">1835-1910.</subfield>
            <subfield code="t">Connecticut Yankee in King Arthur's court.</subfield>
        </datafield>
        <datafield tag="710" ind1="2" ind2=" ">
            <subfield code="a">LC Purchase Collection (Library of Congress)</subfield>
            <subfield code="5">DLC</subfield>
        </datafield>
    </record>