
    <record>
        <leader>01517cam a2200397 a 4500</leader>
        <controlfield tag="001">22347866</controlfield>
        <controlfield tag="003">LC</controlfield>
        <controlfield tag="005">20211214174314.0</controlfield>
        <controlfield tag="006">m    |o  d |      </controlfield>
        <controlfield tag="007">cr |||||||||||</controlfield>
        <controlfield tag="008">120820s2013    caua    o    s001 0 eng  </controlfield>
        <datafield tag="010" ind1=" " ind2=" ">
            <subfield code="a">  2020759189</subfield>
        </datafield>
        <datafield tag="020" ind1=" " ind2=" ">
            <subfield code="a">9780520955165</subfield>
            <subfield code="q">ebook</subfield>
        </datafield>
        <datafield tag="020" ind1=" " ind2=" ">
            <subfield code="z">9780520261341 (cloth : alk. paper)</subfield>
        </datafield>
        <datafield tag="043" ind1=" " ind2=" ">
            <subfield code="a">n-us---</subfield>
        </datafield>
        <datafield tag="082" ind1="0" ind2="0">
            <subfield code="a">818/.409</subfield>
            <subfield code="2">23</subfield>
        </datafield>
        <datafield tag="245" ind1="0" ind2="0">
            <subfield code="a">Dear Mark Twain :</subfield>
            <subfield code="b">letters from his readers /</subfield>
            <subfield code="c">edited by R. Kent Rasmussen.</subfield>
        </datafield>
        <datafield tag="260" ind1=" " ind2=" ">
            <subfield code="a">Berkeley :</subfield>
            <subfield code="b">University of California Press,</subfield>
            <subfield code="c">c2013.</subfield>
        </datafield>
        <datafield tag="300" ind1=" " ind2=" ">
            <subfield code="a">1 online resource (xviii, 295 p.)</subfield>
        </datafield>
        <datafield tag="490" ind1="0" ind2=" ">
            <subfield code="a">Jumping frogs ;</subfield>
            <subfield code="v">4</subfield>
        </datafield>
        <datafield tag="500" ind1=" " ind2=" ">
            <subfield code="a">Includes index.</subfield>
        </datafield>
        <datafield tag="588" ind1=" " ind2=" ">
            <subfield code="a">Description based on print version record and CIP data provided by publisher; resource not viewed.</subfield>
        </datafield>
        <datafield tag="600" ind1="1" ind2="0">
            <subfield code="a">Twain, Mark,</subfield>
            <subfield code="d">1835-1910</subfield>
            <subfield code="v">Correspondence.</subfield>
        </datafield>
        <datafield tag="700" ind1="1" ind2=" ">
            <subfield code="a">Rasmussen, R. Kent.</subfield>
        </datafield>
        <datafield tag="700" ind1="1" ind2=" ">
            <subfield code="a">Twain, Mark,</subfield>
            <subfield code="d">1835-1910.</subfield>
        </datafield>
        <datafield tag="776" ind1="0" ind2="8">
            <subfield code="i">Print version:</subfield>
            <subfield code="t">Dear Mark Twain</subfield>
            <subfield code="d">Berkeley : University of California Press, c2013.</subfield>
            <subfield code="z">9780520261341 (cloth : alk. paper)</subfield>
            <subfield code="w">(DLC)  2012033968</subfield>
        </datafield>
    </record>