
    <record>
        <leader>05406cgm a22011657i 4500</leader>
        <controlfield tag="001">22804524</controlfield>
        <controlfield tag="003">LC</controlfield>
        <controlfield tag="005">20220927072146.0</controlfield>
        <controlfield tag="007">vd cvaizm</controlfield>
        <controlfield tag="008">220927t20032003xxu214            mleng  </controlfield>
        <datafield tag="010" ind1=" " ind2=" ">
            <subfield code="a">  2022605520</subfield>
        </datafield>
        <datafield tag="020" ind1=" " ind2=" ">
            <subfield code="a">0783276885</subfield>
        </datafield>
        <datafield tag="020" ind1=" " ind2=" ">
            <subfield code="a">9780783276885</subfield>
        </datafield>
        <datafield tag="024" ind1="1" ind2=" ">
            <subfield code="a">025192264023</subfield>
        </datafield>
        <datafield tag="028" ind1="4" ind2="2">
            <subfield code="a">22640</subfield>
            <subfield code="b">Universal</subfield>
        </datafield>
        <datafield tag="041" ind1="1" ind2=" ">
            <subfield code="a">eng</subfield>
            <subfield code="j">eng</subfield>
            <subfield code="j">fre</subfield>
            <subfield code="j">spa</subfield>
            <subfield code="h">eng</subfield>
        </datafield>
        <datafield tag="043" ind1=" " ind2=" ">
            <subfield code="a">e-au---</subfield>
        </datafield>
        <datafield tag="046" ind1=" " ind2=" ">
            <subfield code="o">1948</subfield>
            <subfield code="p">1949</subfield>
            <subfield code="2">edtf</subfield>
        </datafield>
        <datafield tag="245" ind1="0" ind2="4">
            <subfield code="a">The emperor waltz ;</subfield>
            <subfield code="b">A Connecticut Yankee in King Arthur's court.</subfield>
        </datafield>
        <datafield tag="246" ind1="1" ind2=" ">
            <subfield code="i">Title on container spine:</subfield>
            <subfield code="a">Connecticut Yankee in King Arthur's Court and The emperor waltz</subfield>
        </datafield>
        <datafield tag="257" ind1=" " ind2=" ">
            <subfield code="a">United States</subfield>
            <subfield code="2">naf</subfield>
        </datafield>
        <datafield tag="264" ind1=" " ind2="1">
            <subfield code="a">Universal City, CA :</subfield>
            <subfield code="b">Universal,</subfield>
            <subfield code="c">[2003]</subfield>
        </datafield>
        <datafield tag="264" ind1=" " ind2="4">
            <subfield code="c">©2003</subfield>
        </datafield>
        <datafield tag="300" ind1=" " ind2=" ">
            <subfield code="3">viewing copy</subfield>
            <subfield code="a">1 videodisc (214 min.) :</subfield>
            <subfield code="b">sound, color ;</subfield>
            <subfield code="c">4 3/4 in.</subfield>
        </datafield>
        <datafield tag="336" ind1=" " ind2=" ">
            <subfield code="a">two-dimensional moving image</subfield>
            <subfield code="b">tdi</subfield>
            <subfield code="2">rdacontent</subfield>
        </datafield>
        <datafield tag="337" ind1=" " ind2=" ">
            <subfield code="a">video</subfield>
            <subfield code="b">v</subfield>
            <subfield code="2">rdamedia</subfield>
        </datafield>
        <datafield tag="338" ind1=" " ind2=" ">
            <subfield code="a">videodisc</subfield>
            <subfield code="b">vd</subfield>
            <subfield code="2">rdacarrier</subfield>
        </datafield>
        <datafield tag="340" ind1=" " ind2=" ">
            <subfield code="b">4 3/4 in.</subfield>
            <subfield code="2">rda</subfield>
        </datafield>
        <datafield tag="344" ind1=" " ind2=" ">
            <subfield code="a">digital</subfield>
            <subfield code="b">optical</subfield>
            <subfield code="g">mono</subfield>
            <subfield code="h">2.0 Dolby Digital</subfield>
            <subfield code="2">rda</subfield>
        </datafield>
        <datafield tag="346" ind1=" " ind2=" ">
            <subfield code="b">NTSC</subfield>
            <subfield code="2">rda</subfield>
        </datafield>
        <datafield tag="347" ind1=" " ind2=" ">
            <subfield code="a">video file</subfield>
            <subfield code="e">region 1</subfield>
            <subfield code="2">rda</subfield>
        </datafield>
        <datafield tag="347" ind1=" " ind2=" ">
            <subfield code="b">DVD video</subfield>
        </datafield>
        <datafield tag="380" ind1=" " ind2=" ">
            <subfield code="a">Motion pictures</subfield>
            <subfield code="2">lcgft</subfield>
        </datafield>
        <datafield tag="490" ind1="0" ind2=" ">
            <subfield code="a">The Bing Crosby collection</subfield>
        </datafield>
        <datafield tag="500" ind1=" " ind2=" ">
            <subfield code="a">"Double feature"--Container.</subfield>
        </datafield>
        <datafield tag="500" ind1=" " ind2=" ">
            <subfield code="a">A Connecticut Yankee in King Arthur's court: Based on the novel by Mark Twain.</subfield>
        </datafield>
        <datafield tag="500" ind1=" " ind2=" ">
            <subfield code="a">Full frame (aspect ratio: 1.33:1).</subfield>
        </datafield>
        <datafield tag="500" ind1=" " ind2=" ">
            <subfield code="a">Originally produced as motion pictures in 1948 (The emperor waltz) and 1949 (A Connecticut Yankee in King Arthur's court).</subfield>
        </datafield>
        <datafield tag="500" ind1=" " ind2=" ">
            <subfield code="a">Sources used: videodisc container; Internet movie database, September 27, 2022.</subfield>
        </datafield>
        <datafield tag="500" ind1=" " ind2=" ">
            <subfield code="a">Title from container.</subfield>
        </datafield>
        <datafield tag="505" ind1="0" ind2=" ">
            <subfield code="a">[Side 1]. The emperor waltz (1948) (107 min) -- [side 2]. A Connecticut Yankee in King Arthur's court (1949) (107 min.).</subfield>
        </datafield>
        <datafield tag="508" ind1=" " ind2=" ">
            <subfield code="a">A Connecticut Yankee in King Arthur's court: Directed by Tay Garnett.</subfield>
        </datafield>
        <datafield tag="508" ind1=" " ind2=" ">
            <subfield code="a">The emperor waltz: Directed by Billy Wilder.</subfield>
        </datafield>
        <datafield tag="511" ind1="1" ind2=" ">
            <subfield code="a">A Connecticut Yankee in King Arthur's court: Bing Crosby, Rhonda Fleming, William Bendix, Sir Cedric Hardwicke.</subfield>
        </datafield>
        <datafield tag="511" ind1="1" ind2=" ">
            <subfield code="a">The emperor waltz: Bing Crosby, Joan Fontaine.</subfield>
        </datafield>
        <datafield tag="520" ind1=" " ind2=" ">
            <subfield code="a">A Connecticut Yankee in King Arthur's court: Musical version of Mark Twain's humorous novel about a turn-of-the-century blacksmith who is knocked unconscious and awakens in sixth-century Camelot.</subfield>
        </datafield>
        <datafield tag="520" ind1=" " ind2=" ">
            <subfield code="a">The emperor waltz: An American salesman melts the heart of a Viennese countess amidst Strauss waltzes and lush scenery.</subfield>
        </datafield>
        <datafield tag="546" ind1=" " ind2=" ">
            <subfield code="a">In English with optional French and Spanish subtitles; closed-captioned in English for the hearing impaired.</subfield>
        </datafield>
        <datafield tag="600" ind1="0" ind2="0">
            <subfield code="a">Arthur,</subfield>
            <subfield code="c">King</subfield>
            <subfield code="v">Drama.</subfield>
        </datafield>
        <datafield tag="600" ind1="0" ind2="7">
            <subfield code="a">Arthur,</subfield>
            <subfield code="c">King.</subfield>
            <subfield code="2">fast</subfield>
            <subfield code="0">(OCoLC)fst00035632</subfield>
        </datafield>
        <datafield tag="700" ind1="1" ind2=" ">
            <subfield code="a">Bendix, William,</subfield>
            <subfield code="d">1906-1964,</subfield>
            <subfield code="e">actor.</subfield>
        </datafield>
        <datafield tag="700" ind1="1" ind2=" ">
            <subfield code="a">Crosby, Bing,</subfield>
            <subfield code="d">1903-1977,</subfield>
            <subfield code="e">actor.</subfield>
        </datafield>
        <datafield tag="700" ind1="1" ind2=" ">
            <subfield code="a">Fleming, Rhonda,</subfield>
            <subfield code="d">1923-2020,</subfield>
            <subfield code="e">actor.</subfield>
        </datafield>
        <datafield tag="700" ind1="1" ind2=" ">
            <subfield code="a">Fontaine, Joan,</subfield>
            <subfield code="d">1917-2013,</subfield>
            <subfield code="e">actor.</subfield>
        </datafield>
        <datafield tag="700" ind1="1" ind2=" ">
            <subfield code="a">Garnett, Tay,</subfield>
            <subfield code="e">film director.</subfield>
        </datafield>
        <datafield tag="700" ind1="1" ind2=" ">
            <subfield code="a">Hardwicke, Cedric,</subfield>
            <subfield code="d">1893-1964,</subfield>
            <subfield code="e">actor.</subfield>
        </datafield>
        <datafield tag="700" ind1="1" ind2=" ">
            <subfield code="a">Twain, Mark,</subfield>
            <subfield code="d">1835-1910.</subfield>
            <subfield code="t">Connecticut Yankee in King Arthur's court.</subfield>
        </datafield>
        <datafield tag="700" ind1="1" ind2=" ">
            <subfield code="a">Wilder, Billy,</subfield>
            <subfield code="d">1906-2002,</subfield>
            <subfield code="e">film director.</subfield>
        </datafield>
        <datafield tag="710" ind1="2" ind2=" ">
            <subfield code="a">Universal Studios Home Video (Firm),</subfield>
            <subfield code="e">publisher.</subfield>
        </datafield>
        <datafield tag="730" ind1="0" ind2=" ">
            <subfield code="a">Connecticut Yankee in King Arthur's court (Motion picture)</subfield>
        </datafield>
        <datafield tag="730" ind1="0" ind2=" ">
            <subfield code="a">Emperor waltz (Motion picture)</subfield>
        </datafield>
        <datafield tag="773" ind1="0" ind2=" ">
            <subfield code="t">Roger Blunck Collection (Library of Congress)</subfield>
        </datafield>
    </record>