
    <record>
        <leader>01800cam a2200397 a 4500</leader>
        <controlfield tag="001">3581481</controlfield>
        <controlfield tag="003">LC</controlfield>
        <controlfield tag="005">20130417140950.0</controlfield>
        <controlfield tag="008">930611s1887    enk           000 0 eng  </controlfield>
        <datafield tag="010" ind1=" " ind2=" ">
            <subfield code="a">   38025550 </subfield>
        </datafield>
        <datafield tag="051" ind1=" " ind2=" ">
            <subfield code="a">LB3060</subfield>
            <subfield code="b">.E54 1887 Copy 2</subfield>
            <subfield code="c">Copy 2. Source: Purchase (DLC # 103606), Mar. 11, 1981.</subfield>
        </datafield>
        <datafield tag="051" ind1=" " ind2=" ">
            <subfield code="a">LB3060</subfield>
            <subfield code="b">.E54 1887 Copy 3</subfield>
            <subfield code="c">Copy 3. Source: Gift of Frances R. Friedman, June 15, 1992.</subfield>
        </datafield>
        <datafield tag="245" ind1="0" ind2="0">
            <subfield code="a">English as she is taught :</subfield>
            <subfield code="b">being genuine answers to examination questions in our public schools /</subfield>
            <subfield code="c">collected by Caroline B. Le Row ; with a commentary thereon by Mark Twain.</subfield>
        </datafield>
        <datafield tag="260" ind1=" " ind2=" ">
            <subfield code="a">London :</subfield>
            <subfield code="b">T. Fisher Unwin,</subfield>
            <subfield code="c">1887.</subfield>
        </datafield>
        <datafield tag="300" ind1=" " ind2=" ">
            <subfield code="a">xli, 109 p. ;</subfield>
            <subfield code="c">16 cm.</subfield>
        </datafield>
        <datafield tag="500" ind1=" " ind2=" ">
            <subfield code="a">An American ed. (New York : Cassell &amp; Co.) was published in the same year, without Twain's commetary.</subfield>
        </datafield>
        <datafield tag="500" ind1=" " ind2=" ">
            <subfield code="a">Source: Purchase (DLC #502821), July 1, 1936.</subfield>
            <subfield code="5">DLC</subfield>
        </datafield>
        <datafield tag="500" ind1=" " ind2=" ">
            <subfield code="a">The "commentary" (p. xi-xli) is Twain's review (first published in Century magazine, April 1887) of the 1st ed. of the Le Row book.</subfield>
        </datafield>
        <datafield tag="510" ind1="4" ind2=" ">
            <subfield code="a">BAL</subfield>
            <subfield code="c">3420</subfield>
        </datafield>
        <datafield tag="700" ind1="1" ind2=" ">
            <subfield code="a">Le Row, Caroline B.</subfield>
            <subfield code="q">(Caroline Bigelow),</subfield>
            <subfield code="d">1843-</subfield>
        </datafield>
        <datafield tag="700" ind1="1" ind2=" ">
            <subfield code="a">Twain, Mark,</subfield>
            <subfield code="d">1835-1910.</subfield>
        </datafield>
        <datafield tag="710" ind1="2" ind2=" ">
            <subfield code="a">Roy J. Friedman Mark Twain Collection (Library of Congress)</subfield>
            <subfield code="5">DLC</subfield>
        </datafield>
    </record>