
    <record>
        <leader>04794cgm a22007937a 4500</leader>
        <controlfield tag="001">11667753</controlfield>
        <controlfield tag="003">LC</controlfield>
        <controlfield tag="005">20190401151626.0</controlfield>
        <controlfield tag="007">mrubab-dn</controlfield>
        <controlfield tag="007">mrunaaadu</controlfield>
        <controlfield tag="007">vf bjaho|</controlfield>
        <controlfield tag="007">vf bzaho|</controlfield>
        <controlfield tag="008">960205s1960    xxu060            mleng  </controlfield>
        <datafield tag="010" ind1=" " ind2=" ">
            <subfield code="a">   96501931 </subfield>
        </datafield>
        <datafield tag="043" ind1=" " ind2=" ">
            <subfield code="a">e-uk---</subfield>
        </datafield>
        <datafield tag="245" ind1="0" ind2="0">
            <subfield code="a">Ford startime.</subfield>
            <subfield code="p">Tennessee Ernie meets King Arthur /</subfield>
            <subfield code="c">a BriBuck production ; a presentation of Hubbell Robinson Productions, Inc. ; NBC Television presents ; directed by Lee J. Cobb ; produced and written by Roland Kibbee.</subfield>
        </datafield>
        <datafield tag="246" ind1="3" ind2=" ">
            <subfield code="a">Startime.</subfield>
            <subfield code="p">Tennessee Ernie meets King Arthur</subfield>
        </datafield>
        <datafield tag="246" ind1="3" ind2="0">
            <subfield code="a">Tennessee Ernie meets King Arthur</subfield>
        </datafield>
        <datafield tag="257" ind1=" " ind2=" ">
            <subfield code="a">U.S.</subfield>
        </datafield>
        <datafield tag="260" ind1=" " ind2=" ">
            <subfield code="a">United States :</subfield>
            <subfield code="b">NBC Television Network,</subfield>
            <subfield code="c">1960-05-10.</subfield>
        </datafield>
        <datafield tag="300" ind1=" " ind2=" ">
            <subfield code="3">master.</subfield>
            <subfield code="a">1 videocassette of 1 (60 min.)(Betacam SP) :</subfield>
            <subfield code="b">sd., b&amp;w ;</subfield>
            <subfield code="c">1/2 in.</subfield>
        </datafield>
        <datafield tag="300" ind1=" " ind2=" ">
            <subfield code="3">viewing copy.</subfield>
            <subfield code="a">1 videocassette of 1 (60 min.)(Digital Betacam) :</subfield>
            <subfield code="b">sd., b&amp;w ;</subfield>
            <subfield code="c">1/2 in.</subfield>
        </datafield>
        <datafield tag="300" ind1=" " ind2=" ">
            <subfield code="a">2 reels of 2 (ca. 2160 ft.) :</subfield>
            <subfield code="b">sd. ;</subfield>
            <subfield code="c">16 mm. neg trk.</subfield>
        </datafield>
        <datafield tag="300" ind1=" " ind2=" ">
            <subfield code="a">2 reels of 2 (ca. 2160 ft.) :</subfield>
            <subfield code="b">si., b&amp;w ;</subfield>
            <subfield code="c">16 mm. arch neg.</subfield>
        </datafield>
        <datafield tag="500" ind1=" " ind2=" ">
            <subfield code="a">Based on Mark Twain's A Connecticut Yankee in King Arthur's court.</subfield>
        </datafield>
        <datafield tag="500" ind1=" " ind2=" ">
            <subfield code="a">Includes commercials and promotional announcements.</subfield>
            <subfield code="5">DLC</subfield>
        </datafield>
        <datafield tag="500" ind1=" " ind2=" ">
            <subfield code="a">NBC inventory box no. 327.</subfield>
            <subfield code="5">DLC</subfield>
        </datafield>
        <datafield tag="500" ind1=" " ind2=" ">
            <subfield code="a">Note at tail of arch neg: This program was reproduced by the Kinephoto process.</subfield>
        </datafield>
        <datafield tag="500" ind1=" " ind2=" ">
            <subfield code="a">Operation no. 60-793.</subfield>
        </datafield>
        <datafield tag="500" ind1=" " ind2=" ">
            <subfield code="a">Series title given as Startime in T. Brooks and E. Marsh, The complete directory to prime time network TV shows, 5th ed., and TV guide.</subfield>
        </datafield>
        <datafield tag="500" ind1=" " ind2=" ">
            <subfield code="a">Sources used: NBC TV master books [MI], 5/10/60; Gianakos, L.J. Television drama series programming, 1959-1975, p. 251-52; TV guide (Washington-Baltimore edition), 5/10/60, p. A-41.</subfield>
        </datafield>
        <datafield tag="500" ind1=" " ind2=" ">
            <subfield code="a">Summary from NBC program analysis files, programs-sponsored file [MI].</subfield>
        </datafield>
        <datafield tag="508" ind1=" " ind2=" ">
            <subfield code="a">Executive producer, Clifford Stone ; music by Harry Geller ; art director, Edward Stephenson ; choreography, Ward Ellis.</subfield>
        </datafield>
        <datafield tag="511" ind1="1" ind2=" ">
            <subfield code="a">Tennessee Ernie Ford (Himself), Vincent Price (Sir Bors), Alan Young (Clarence), Alan Mowbray (King Arthur), Robert Emhardt (Professor Van Brainn), John Dehner (The Commentator), Carl Ballantine (Merlin), Addison Richards (The Doctor), Danny Arnold (Fricke), Mary Menzies (Dancing girl).</subfield>
        </datafield>
        <datafield tag="520" ind1=" " ind2=" ">
            <subfield code="a">Tennessee Ernie Ford finds that chivalry and knighthood were a lot of bunk when scientists, with the aid of a time machine, transport him back to 6th century Camelot. He is befriended by Clarence but captured by Sir Bors, a Knight of the Round Table, and taken to the court of King Arthur. In addition to his disillusionment about knighthood, Ford is condemned to death at the stake by Merlin the Magician. Ford resorts to hill-folk magic of his own by consulting his Farmer's almanac and predicting a solar eclipse on the scheduled date of his execution. This proves enough for King Arthur, who frees Ford from the stake and elevates him to high rank in the court. Ford must still accept a challenge, however, before he is transported back to the 20th century.</subfield>
        </datafield>
        <datafield tag="541" ind1=" " ind2=" ">
            <subfield code="d">Received: 4/11/2002;</subfield>
            <subfield code="3">viewing and master copy;</subfield>
            <subfield code="c">LC video and recording lab;</subfield>
            <subfield code="a">NBC Television Collection.</subfield>
        </datafield>
        <datafield tag="541" ind1=" " ind2=" ">
            <subfield code="d">Received: 7/16/1986;</subfield>
            <subfield code="3">arch neg and neg trk;</subfield>
            <subfield code="c">gift;</subfield>
            <subfield code="a">NBC Television Collection.</subfield>
        </datafield>
        <datafield tag="600" ind1="0" ind2="0">
            <subfield code="a">Merlin</subfield>
            <subfield code="c">(Legendary character)</subfield>
            <subfield code="v">Drama.</subfield>
        </datafield>
        <datafield tag="700" ind1="1" ind2=" ">
            <subfield code="a">Ballantine, Carl,</subfield>
            <subfield code="e">cast.</subfield>
        </datafield>
        <datafield tag="700" ind1="1" ind2=" ">
            <subfield code="a">Cobb, Lee J.,</subfield>
            <subfield code="d">1911-1976,</subfield>
            <subfield code="e">direction.</subfield>
        </datafield>
        <datafield tag="700" ind1="1" ind2=" ">
            <subfield code="a">Dehner, John,</subfield>
            <subfield code="e">cast.</subfield>
        </datafield>
        <datafield tag="700" ind1="1" ind2=" ">
            <subfield code="a">Emhardt, Robert,</subfield>
            <subfield code="d">1914-1994,</subfield>
            <subfield code="e">cast.</subfield>
        </datafield>
        <datafield tag="700" ind1="1" ind2=" ">
            <subfield code="a">Ford, Tennessee Ernie,</subfield>
            <subfield code="d">1919-1991,</subfield>
            <subfield code="e">cast.</subfield>
        </datafield>
        <datafield tag="700" ind1="1" ind2=" ">
            <subfield code="a">Kibbee, Roland,</subfield>
            <subfield code="d">1914-1984,</subfield>
            <subfield code="e">production,</subfield>
            <subfield code="e">writing.</subfield>
        </datafield>
        <datafield tag="700" ind1="1" ind2=" ">
            <subfield code="a">Mowbray, Alan,</subfield>
            <subfield code="d">1896-1969,</subfield>
            <subfield code="e">cast.</subfield>
        </datafield>
        <datafield tag="700" ind1="1" ind2=" ">
            <subfield code="a">Price, Vincent,</subfield>
            <subfield code="d">1911-1993,</subfield>
            <subfield code="e">cast.</subfield>
        </datafield>
        <datafield tag="700" ind1="1" ind2=" ">
            <subfield code="a">Twain, Mark,</subfield>
            <subfield code="d">1835-1910.</subfield>
            <subfield code="t">Connecticut Yankee in King Arthur's court.</subfield>
        </datafield>
        <datafield tag="700" ind1="1" ind2=" ">
            <subfield code="a">Young, Alan,</subfield>
            <subfield code="d">1919-2016,</subfield>
            <subfield code="e">cast.</subfield>
        </datafield>
        <datafield tag="710" ind1="2" ind2=" ">
            <subfield code="a">NBC Television Collection (Library of Congress)</subfield>
            <subfield code="5">DLC</subfield>
        </datafield>
    </record>