
    <record>
        <leader>03395cas a2200625 a 4500</leader>
        <controlfield tag="001">11355296</controlfield>
        <controlfield tag="003">LC</controlfield>
        <controlfield tag="005">20230319065656.0</controlfield>
        <controlfield tag="007">hd afv---baca</controlfield>
        <controlfield tag="008">801017d18661878nyumr p a     0   a0eng c</controlfield>
        <datafield tag="010" ind1=" " ind2=" ">
            <subfield code="a">sf 89099034 </subfield>
        </datafield>
        <datafield tag="016" ind1=" " ind2=" ">
            <subfield code="a">(AMICUS)000009282718</subfield>
        </datafield>
        <datafield tag="022" ind1="0" ind2=" ">
            <subfield code="a">2160-9969</subfield>
            <subfield code="l">2160-9969</subfield>
            <subfield code="2">1</subfield>
        </datafield>
        <datafield tag="043" ind1=" " ind2=" ">
            <subfield code="a">n-us---</subfield>
        </datafield>
        <datafield tag="082" ind1="0" ind2="4">
            <subfield code="a">051</subfield>
            <subfield code="b">A51p3</subfield>
        </datafield>
        <datafield tag="130" ind1="0" ind2=" ">
            <subfield code="a">Galaxy (New York, N.Y. : 1866)</subfield>
        </datafield>
        <datafield tag="222" ind1=" " ind2="0">
            <subfield code="a">Galaxy</subfield>
            <subfield code="b">(New York, N.Y. : 1866)</subfield>
        </datafield>
        <datafield tag="245" ind1="1" ind2="4">
            <subfield code="a">The galaxy.</subfield>
        </datafield>
        <datafield tag="264" ind1=" " ind2="1">
            <subfield code="3">1866-1868:</subfield>
            <subfield code="a">New York, N.Y. :</subfield>
            <subfield code="b">W.C. &amp; F.P. Church,</subfield>
            <subfield code="c">1866-1878</subfield>
        </datafield>
        <datafield tag="264" ind1="3" ind2="1">
            <subfield code="3">1868-1878:</subfield>
            <subfield code="a">New York, N.Y. :</subfield>
            <subfield code="b">Sheldon &amp; Company</subfield>
        </datafield>
        <datafield tag="300" ind1=" " ind2=" ">
            <subfield code="a">25 volumes :</subfield>
            <subfield code="b">illustrations ;</subfield>
            <subfield code="c">21-25 cm</subfield>
        </datafield>
        <datafield tag="310" ind1=" " ind2=" ">
            <subfield code="a">Monthly,</subfield>
            <subfield code="b">May 1867-1878</subfield>
        </datafield>
        <datafield tag="321" ind1=" " ind2=" ">
            <subfield code="a">Semimonthly,</subfield>
            <subfield code="b">1866-Apr. 1867</subfield>
        </datafield>
        <datafield tag="336" ind1=" " ind2=" ">
            <subfield code="a">text</subfield>
            <subfield code="b">txt</subfield>
            <subfield code="2">rdacontent</subfield>
        </datafield>
        <datafield tag="337" ind1=" " ind2=" ">
            <subfield code="a">microform</subfield>
            <subfield code="b">h</subfield>
            <subfield code="2">rdamedia</subfield>
        </datafield>
        <datafield tag="338" ind1=" " ind2=" ">
            <subfield code="a">microfilm reel</subfield>
            <subfield code="b">hd</subfield>
            <subfield code="2">rdacarrier</subfield>
        </datafield>
        <datafield tag="362" ind1="0" ind2=" ">
            <subfield code="a">Vol. 1, no. 1 (May 1, 1866)-v. 25, no. 1 (Jan. 1878).</subfield>
        </datafield>
        <datafield tag="500" ind1=" " ind2=" ">
            <subfield code="a">"A magazine of entertaining reading."</subfield>
        </datafield>
        <datafield tag="500" ind1=" " ind2=" ">
            <subfield code="a">Editor: W.C. Church.</subfield>
        </datafield>
        <datafield tag="500" ind1=" " ind2=" ">
            <subfield code="a">The Galaxy was best known for the pages it devoted to fiction in each and every issue. At least one serial, sometimes two or three, and a number of short stories and poems were included. Richard Grant White, Justin McCarthy, Rebecca Harding Davis, Jane G. Austin, and Paul Hamilton Hayne (to name only a few) contributed often. However, the most popular section was entitled "Memoranda." This was written and edited by Mark Twain. Although the department appeared for only a year, it was then that the magazine reached its highest circulation. By 1878, circulation had declined greatly and the Galaxy was absorbed by the Atlantic Monthly. Cf. American periodicals, 1741-1900.</subfield>
        </datafield>
        <datafield tag="500" ind1=" " ind2=" ">
            <subfield code="a">Title from caption.</subfield>
        </datafield>
        <datafield tag="648" ind1=" " ind2="7">
            <subfield code="a">1865-1877</subfield>
            <subfield code="2">fast</subfield>
        </datafield>
        <datafield tag="700" ind1="1" ind2=" ">
            <subfield code="a">Church, William Conant,</subfield>
            <subfield code="d">1836-1917,</subfield>
            <subfield code="e">editor.</subfield>
        </datafield>
        <datafield tag="700" ind1="1" ind2=" ">
            <subfield code="a">Twain, Mark,</subfield>
            <subfield code="d">1835-1910,</subfield>
            <subfield code="e">contributor.</subfield>
        </datafield>
        <datafield tag="776" ind1="0" ind2="8">
            <subfield code="i">Microfiche version:</subfield>
            <subfield code="t">Galaxy (New York, N.Y. : 1866)</subfield>
            <subfield code="x">2160-9969</subfield>
            <subfield code="w">(OCoLC)17993964</subfield>
        </datafield>
        <datafield tag="776" ind1="0" ind2="8">
            <subfield code="i">Print version:</subfield>
            <subfield code="t">Galaxy (New York, N.Y. : 1866)</subfield>
            <subfield code="x">2160-9969</subfield>
            <subfield code="w">(DLC)   05014047</subfield>
            <subfield code="w">(OCoLC)1570385</subfield>
        </datafield>
        <datafield tag="785" ind1="0" ind2="4">
            <subfield code="t">Atlantic monthly (Boston, Mass. : 1857)</subfield>
            <subfield code="x">0160-6514</subfield>
            <subfield code="w">(DLC)sf 98094157</subfield>
            <subfield code="w">(OCoLC)3880400</subfield>
        </datafield>
        <datafield tag="830" ind1=" " ind2="0">
            <subfield code="a">American periodical series, 1850-1900 ;</subfield>
            <subfield code="v">7-12.</subfield>
        </datafield>
    </record>