
    <record>
        <leader>04557cas a2200829 a 4500</leader>
        <controlfield tag="001">11133807</controlfield>
        <controlfield tag="003">LC</controlfield>
        <controlfield tag="005">20230319065647.0</controlfield>
        <controlfield tag="007">cr un|||||||||</controlfield>
        <controlfield tag="008">750824d18661878nyumr p       0   a0eng c</controlfield>
        <datafield tag="010" ind1=" " ind2=" ">
            <subfield code="a">   05014047 </subfield>
        </datafield>
        <datafield tag="022" ind1="0" ind2=" ">
            <subfield code="a">2160-9969</subfield>
            <subfield code="l">2160-9969</subfield>
            <subfield code="2">1</subfield>
        </datafield>
        <datafield tag="082" ind1="0" ind2="4">
            <subfield code="a">051</subfield>
            <subfield code="b">G147</subfield>
        </datafield>
        <datafield tag="082" ind1="1" ind2="0">
            <subfield code="a">051</subfield>
            <subfield code="2">14</subfield>
        </datafield>
        <datafield tag="130" ind1="0" ind2=" ">
            <subfield code="a">Galaxy (New York, N.Y. : 1866)</subfield>
        </datafield>
        <datafield tag="222" ind1=" " ind2="4">
            <subfield code="a">The Galaxy</subfield>
            <subfield code="b">(New York, N.Y. 1866)</subfield>
        </datafield>
        <datafield tag="245" ind1="1" ind2="4">
            <subfield code="a">The galaxy.</subfield>
        </datafield>
        <datafield tag="264" ind1=" " ind2="1">
            <subfield code="3">1866-1868:</subfield>
            <subfield code="a">New York, N.Y. :</subfield>
            <subfield code="b">W.C. &amp; F.P. Church,</subfield>
            <subfield code="c">1866-1878</subfield>
        </datafield>
        <datafield tag="264" ind1="3" ind2="1">
            <subfield code="3">1868-1878:</subfield>
            <subfield code="a">New York, N.Y. :</subfield>
            <subfield code="b">Sheldon &amp; Company</subfield>
        </datafield>
        <datafield tag="300" ind1=" " ind2=" ">
            <subfield code="a">25 volumes :</subfield>
            <subfield code="b">illustrations ;</subfield>
            <subfield code="c">21-25 cm</subfield>
        </datafield>
        <datafield tag="310" ind1=" " ind2=" ">
            <subfield code="a">Monthly,</subfield>
            <subfield code="b">May 1867-Jan. 1878</subfield>
        </datafield>
        <datafield tag="321" ind1=" " ind2=" ">
            <subfield code="a">Semimonthly,</subfield>
            <subfield code="b">1866-Apr. 1867</subfield>
        </datafield>
        <datafield tag="336" ind1=" " ind2=" ">
            <subfield code="a">text</subfield>
            <subfield code="b">txt</subfield>
            <subfield code="2">rdacontent</subfield>
        </datafield>
        <datafield tag="337" ind1=" " ind2=" ">
            <subfield code="a">unmediated</subfield>
            <subfield code="b">n</subfield>
            <subfield code="2">rdamedia</subfield>
        </datafield>
        <datafield tag="338" ind1=" " ind2=" ">
            <subfield code="a">volume</subfield>
            <subfield code="b">nc</subfield>
            <subfield code="2">rdacarrier</subfield>
        </datafield>
        <datafield tag="362" ind1="0" ind2=" ">
            <subfield code="a">[Vol. 1, no. 1] (May 1, 1866)-[v. 25, no. 1] (Jan. 1878).</subfield>
        </datafield>
        <datafield tag="500" ind1=" " ind2=" ">
            <subfield code="a">"A magazine of entertaining reading."</subfield>
        </datafield>
        <datafield tag="500" ind1=" " ind2=" ">
            <subfield code="a">Editor: W.C. Church.</subfield>
        </datafield>
        <datafield tag="500" ind1=" " ind2=" ">
            <subfield code="a">The Galaxy was best known for the pages it devoted to fiction in each and every issue. At least one serial, sometimes two or three, and a number of short stories and poems were included. Richard Grant White, Justin McCarthy, Rebecca Harding Davis, Jane G. Austin, and Paul Hamilton Hayne (to name only a few) contributed often. However, the most popular section was entitled "Memoranda." This was written and edited by Mark Twain. Although the department appeared for only a year, it was then that the magazine reached its highest circulation. By 1878, circulation had declined greatly and the Galaxy was absorbed by the Atlantic Monthly. Cf. American periodicals, 1741-1900.</subfield>
        </datafield>
        <datafield tag="500" ind1=" " ind2=" ">
            <subfield code="a">Title from caption.</subfield>
        </datafield>
        <datafield tag="530" ind1=" " ind2=" ">
            <subfield code="a">Available on microfilm from University Microfilms; also available online.</subfield>
        </datafield>
        <datafield tag="590" ind1=" " ind2=" ">
            <subfield code="a">SERBIB/SERLOC merged record</subfield>
        </datafield>
        <datafield tag="700" ind1="1" ind2=" ">
            <subfield code="a">Church, William Conant,</subfield>
            <subfield code="d">1836-1917,</subfield>
            <subfield code="e">editor.</subfield>
        </datafield>
        <datafield tag="700" ind1="1" ind2=" ">
            <subfield code="a">Twain, Mark,</subfield>
            <subfield code="d">1835-1910,</subfield>
            <subfield code="e">contributor.</subfield>
        </datafield>
        <datafield tag="776" ind1="0" ind2="8">
            <subfield code="i">Microfiche version:</subfield>
            <subfield code="t">Galaxy (New York, N.Y. : 1866)</subfield>
            <subfield code="x">2160-9969</subfield>
            <subfield code="w">(OCoLC)17993964</subfield>
        </datafield>
        <datafield tag="776" ind1="0" ind2="8">
            <subfield code="i">Microfilm version:</subfield>
            <subfield code="t">Galaxy (New York, N.Y. : 1866)</subfield>
            <subfield code="x">2160-9969</subfield>
            <subfield code="w">(DLC)sf 89099034</subfield>
            <subfield code="w">(OCoLC)6835175</subfield>
        </datafield>
        <datafield tag="776" ind1="0" ind2="8">
            <subfield code="i">Online version:</subfield>
            <subfield code="t">Galaxy (New York, N.Y. : 1866)</subfield>
            <subfield code="x">2160-9969</subfield>
            <subfield code="w">(OCoLC)604711684</subfield>
        </datafield>
        <datafield tag="776" ind1="1" ind2=" ">
            <subfield code="t">Galaxy (New York, N.Y. : 1866 : Online)</subfield>
            <subfield code="w">(DLC)  2009233189</subfield>
            <subfield code="w">(OCoLC)49515879</subfield>
        </datafield>
        <datafield tag="785" ind1="0" ind2="4">
            <subfield code="t">Atlantic monthly (Boston, Mass. : 1857)</subfield>
            <subfield code="x">0160-6514</subfield>
            <subfield code="w">(DLC)   04012666</subfield>
            <subfield code="w">(OCoLC)1580798</subfield>
        </datafield>
        <datafield tag="850" ind1=" " ind2=" ">
            <subfield code="a">CU-S</subfield>
            <subfield code="a">DLC</subfield>
            <subfield code="a">N</subfield>
            <subfield code="a">PU</subfield>
        </datafield>
    </record>