
    <record>
        <leader>04035cam a2200709 i 4500</leader>
        <controlfield tag="001">21113588</controlfield>
        <controlfield tag="003">LC</controlfield>
        <controlfield tag="005">20200225170023.0</controlfield>
        <controlfield tag="008">190802t20192019nyu           000 j eng d</controlfield>
        <datafield tag="010" ind1=" " ind2=" ">
            <subfield code="a">  2018277227</subfield>
        </datafield>
        <datafield tag="016" ind1="7" ind2=" ">
            <subfield code="a">019244087</subfield>
            <subfield code="2">Uk</subfield>
        </datafield>
        <datafield tag="020" ind1=" " ind2=" ">
            <subfield code="a">164313020X</subfield>
            <subfield code="q">(hardback)</subfield>
        </datafield>
        <datafield tag="020" ind1=" " ind2=" ">
            <subfield code="a">9781643130200</subfield>
            <subfield code="q">(hardback)</subfield>
        </datafield>
        <datafield tag="082" ind1="0" ind2="4">
            <subfield code="a">823.0873308</subfield>
            <subfield code="2">23</subfield>
        </datafield>
        <datafield tag="245" ind1="0" ind2="0">
            <subfield code="a">Ghost stories :</subfield>
            <subfield code="b">classic tales of horror and suspense /</subfield>
            <subfield code="c">edited by Lisa Morton and Leslie S. Klinger.</subfield>
        </datafield>
        <datafield tag="250" ind1=" " ind2=" ">
            <subfield code="a">First Pegasus Books cloth edition.</subfield>
        </datafield>
        <datafield tag="264" ind1=" " ind2="1">
            <subfield code="a">New York ;</subfield>
            <subfield code="a">London :</subfield>
            <subfield code="b">Pegasus Books,</subfield>
            <subfield code="c">2019.</subfield>
        </datafield>
        <datafield tag="264" ind1=" " ind2="4">
            <subfield code="c">©2019</subfield>
        </datafield>
        <datafield tag="300" ind1=" " ind2=" ">
            <subfield code="a">xiv, 257 pages ;</subfield>
            <subfield code="c">24 cm</subfield>
        </datafield>
        <datafield tag="336" ind1=" " ind2=" ">
            <subfield code="a">text</subfield>
            <subfield code="b">txt</subfield>
            <subfield code="2">rdacontent</subfield>
        </datafield>
        <datafield tag="337" ind1=" " ind2=" ">
            <subfield code="a">unmediated</subfield>
            <subfield code="b">n</subfield>
            <subfield code="2">rdamedia</subfield>
        </datafield>
        <datafield tag="338" ind1=" " ind2=" ">
            <subfield code="a">volume</subfield>
            <subfield code="b">nc</subfield>
            <subfield code="2">rdacarrier</subfield>
        </datafield>
        <datafield tag="505" ind1="0" ind2="0">
            <subfield code="t">Sweet William's ghost (a popular ballad) --</subfield>
            <subfield code="t">The family portraits /</subfield>
            <subfield code="r">Johann August Apel --</subfield>
            <subfield code="t">The tapestried chamber, or The lady in the square /</subfield>
            <subfield code="r">Sir Walter Scott --</subfield>
            <subfield code="t">Gray champion /</subfield>
            <subfield code="r">Nathaniel Hawthorne --</subfield>
            <subfield code="t">Ligeia /</subfield>
            <subfield code="r">Edgar Allan Poe --</subfield>
            <subfield code="t">No. 1 branch line: The signalman /</subfield>
            <subfield code="r">Charles Dickens --</subfield>
            <subfield code="t">Since I died /</subfield>
            <subfield code="r">Elizabeth Stuart Phelps --</subfield>
            <subfield code="t">Mrs. Zant and the ghost /</subfield>
            <subfield code="r">Wilkie Collins --</subfield>
            <subfield code="t">An inhabitant of Carcosa /</subfield>
            <subfield code="r">Ambrose Bierce --</subfield>
            <subfield code="t">The last of Squire Ennismore /</subfield>
            <subfield code="r">Charlotte (Mrs. J.H.) Riddell --</subfield>
            <subfield code="t">The philosophy of relative existences /</subfield>
            <subfield code="r">Frank Stockton --</subfield>
            <subfield code="t">The real right thing /</subfield>
            <subfield code="r">Henry James --</subfield>
            <subfield code="t">The lady's maid's bell /</subfield>
            <subfield code="r">Edith Wharton --</subfield>
            <subfield code="t">A ghost story /</subfield>
            <subfield code="r">Mark Twain --</subfield>
            <subfield code="t">Oh, whistle and I'll come to you, my lad /</subfield>
            <subfield code="r">M. R. James --</subfield>
            <subfield code="t">The shell of sense /</subfield>
            <subfield code="r">Olivia Howard Dunbar --</subfield>
            <subfield code="t">The bowmen /</subfield>
            <subfield code="r">Arthur Machen --</subfield>
            <subfield code="t">The substitute /</subfield>
            <subfield code="r">Georgia Wood Pangborn.</subfield>
        </datafield>
        <datafield tag="520" ind1=" " ind2=" ">
            <subfield code="a">The ghost story has long been a staple of world literature, but many of the genre's greatest tales have been forgotten, overshadowed in many cases by their authors' bestselling work in other genres. In this spine-tingling anthology, little known stories from literary titans like Charles Dickens and Edith Wharton are collected alongside overlooked works from masters of horror fiction like Edgar Allan Poe and M. R. James.</subfield>
        </datafield>
        <datafield tag="700" ind1="1" ind2=" ">
            <subfield code="a">Apel, August,</subfield>
            <subfield code="d">1771-1816.</subfield>
        </datafield>
        <datafield tag="700" ind1="1" ind2=" ">
            <subfield code="a">Bierce, Ambrose,</subfield>
            <subfield code="d">1842-1914.</subfield>
        </datafield>
        <datafield tag="700" ind1="1" ind2=" ">
            <subfield code="a">Collins, Wilkie,</subfield>
            <subfield code="d">1824-1889.</subfield>
        </datafield>
        <datafield tag="700" ind1="1" ind2=" ">
            <subfield code="a">Dickens, Charles,</subfield>
            <subfield code="d">1812-1870.</subfield>
        </datafield>
        <datafield tag="700" ind1="1" ind2=" ">
            <subfield code="a">Dunbar, Olivia Howard,</subfield>
            <subfield code="d">1873-1953.</subfield>
        </datafield>
        <datafield tag="700" ind1="1" ind2=" ">
            <subfield code="a">James, Henry.</subfield>
        </datafield>
        <datafield tag="700" ind1="1" ind2=" ">
            <subfield code="a">James, M. R.</subfield>
            <subfield code="q">(Montague Rhodes),</subfield>
            <subfield code="d">1862-1936.</subfield>
        </datafield>
        <datafield tag="700" ind1="1" ind2=" ">
            <subfield code="a">Klinger, Leslie S.,</subfield>
            <subfield code="e">editor.</subfield>
        </datafield>
        <datafield tag="700" ind1="1" ind2=" ">
            <subfield code="a">Machen, Arthur,</subfield>
            <subfield code="d">1863-1947.</subfield>
        </datafield>
        <datafield tag="700" ind1="1" ind2=" ">
            <subfield code="a">Morton, Lisa,</subfield>
            <subfield code="d">1958-</subfield>
            <subfield code="e">editor.</subfield>
        </datafield>
        <datafield tag="700" ind1="1" ind2=" ">
            <subfield code="a">Pangborn, Georgia Wood,</subfield>
            <subfield code="d">1872-1955.</subfield>
        </datafield>
        <datafield tag="700" ind1="1" ind2=" ">
            <subfield code="a">Phelps, Elizabeth Stuart,</subfield>
            <subfield code="d">1844-1911.</subfield>
        </datafield>
        <datafield tag="700" ind1="1" ind2=" ">
            <subfield code="a">Poe, Edgar Allan,</subfield>
            <subfield code="d">1809-1849.</subfield>
        </datafield>
        <datafield tag="700" ind1="1" ind2=" ">
            <subfield code="a">Riddell, J. H.,</subfield>
            <subfield code="c">Mrs.,</subfield>
            <subfield code="d">1832-1906.</subfield>
        </datafield>
        <datafield tag="700" ind1="1" ind2=" ">
            <subfield code="a">Scott, Walter,</subfield>
            <subfield code="d">1771-1832.</subfield>
        </datafield>
        <datafield tag="700" ind1="1" ind2=" ">
            <subfield code="a">Stockton, Frank R.,</subfield>
            <subfield code="d">1834-1902.</subfield>
        </datafield>
        <datafield tag="700" ind1="1" ind2=" ">
            <subfield code="a">Twain, Mark,</subfield>
            <subfield code="d">1835-1910.</subfield>
        </datafield>
        <datafield tag="700" ind1="1" ind2=" ">
            <subfield code="a">Wharton, Edith,</subfield>
            <subfield code="d">1862-1937.</subfield>
        </datafield>
    </record>