
    <record>
        <leader>02231cim a2200541 a 4500</leader>
        <controlfield tag="001">19157668</controlfield>
        <controlfield tag="003">LC</controlfield>
        <controlfield tag="005">20160706125543.0</controlfield>
        <controlfield tag="007">sd fsngnnmmned</controlfield>
        <controlfield tag="008">160629s2013    mdunnn|        f  | eng d</controlfield>
        <datafield tag="010" ind1=" " ind2=" ">
            <subfield code="a">  2016621453</subfield>
        </datafield>
        <datafield tag="020" ind1=" " ind2=" ">
            <subfield code="a">1599509504</subfield>
        </datafield>
        <datafield tag="020" ind1=" " ind2=" ">
            <subfield code="a">9781599509501</subfield>
        </datafield>
        <datafield tag="028" ind1="0" ind2="2">
            <subfield code="a">GAW04-NA</subfield>
            <subfield code="b">GraphicAudio</subfield>
        </datafield>
        <datafield tag="043" ind1=" " ind2=" ">
            <subfield code="a">n-usp--</subfield>
        </datafield>
        <datafield tag="082" ind1="0" ind2="4">
            <subfield code="a">813/.087408</subfield>
            <subfield code="2">23</subfield>
        </datafield>
        <datafield tag="245" ind1="0" ind2="0">
            <subfield code="a">Great American westerns.</subfield>
            <subfield code="n">Vol. 4</subfield>
            <subfield code="h">[sound recording] .</subfield>
        </datafield>
        <datafield tag="250" ind1=" " ind2=" ">
            <subfield code="a">Unabridged.</subfield>
        </datafield>
        <datafield tag="260" ind1=" " ind2=" ">
            <subfield code="a">[Bethesda, MD] :</subfield>
            <subfield code="b">GraphicAudio,</subfield>
            <subfield code="c">p2013.</subfield>
        </datafield>
        <datafield tag="300" ind1=" " ind2=" ">
            <subfield code="a">6 sound discs (ca. 6 hr.) :</subfield>
            <subfield code="b">digital, stereo. ;</subfield>
            <subfield code="c">4 3/4 in.</subfield>
        </datafield>
        <datafield tag="306" ind1=" " ind2=" ">
            <subfield code="a">060000</subfield>
        </datafield>
        <datafield tag="500" ind1=" " ind2=" ">
            <subfield code="a">Compact discs.</subfield>
        </datafield>
        <datafield tag="505" ind1="0" ind2="0">
            <subfield code="a">Werewolf /</subfield>
            <subfield code="r">Max Brand --</subfield>
            <subfield code="t">The great slave /</subfield>
            <subfield code="r">Zane Grey --</subfield>
            <subfield code="t">Lawman's debt /</subfield>
            <subfield code="r">Alan MeMay --</subfield>
            <subfield code="t">Redemption at Dry Creek /</subfield>
            <subfield code="r">Cynthia Haseloff --</subfield>
            <subfield code="t">The Californian's tale /</subfield>
            <subfield code="r">Mark Twain --</subfield>
            <subfield code="t">Furnace flat /</subfield>
            <subfield code="r">Frank Bonham --</subfield>
            <subfield code="t">Retirement day /</subfield>
            <subfield code="r">Peter Dawson.</subfield>
        </datafield>
        <datafield tag="508" ind1=" " ind2=" ">
            <subfield code="a">Directed by Terence Aselford ; adapted for GraphicAudio by Timothy Lynch and Johann Dettweiller.</subfield>
        </datafield>
        <datafield tag="511" ind1="1" ind2=" ">
            <subfield code="a">Terence Aselford, Mort Shelby, Ken Jackson ... [et al.].</subfield>
        </datafield>
        <datafield tag="520" ind1=" " ind2=" ">
            <subfield code="a">More western stories by Five Star western writers, including Max Brand, Zane Grey, Mark Twain ... [et al].</subfield>
        </datafield>
        <datafield tag="700" ind1="1" ind2=" ">
            <subfield code="a">Aselford, Terence.</subfield>
            <subfield code="4">prf</subfield>
            <subfield code="4">drt</subfield>
        </datafield>
        <datafield tag="700" ind1="1" ind2=" ">
            <subfield code="a">Brand, Max,</subfield>
            <subfield code="d">1892-1944.</subfield>
        </datafield>
        <datafield tag="700" ind1="1" ind2=" ">
            <subfield code="a">Dettweiler, Johann.</subfield>
            <subfield code="4">adp</subfield>
        </datafield>
        <datafield tag="700" ind1="1" ind2=" ">
            <subfield code="a">Grey, Zane,</subfield>
            <subfield code="d">1872-1939.</subfield>
        </datafield>
        <datafield tag="700" ind1="1" ind2=" ">
            <subfield code="a">Jackson, Ken.</subfield>
            <subfield code="4">prf</subfield>
        </datafield>
        <datafield tag="700" ind1="1" ind2=" ">
            <subfield code="a">Lynch, Timothy.</subfield>
            <subfield code="4">adp</subfield>
        </datafield>
        <datafield tag="700" ind1="1" ind2=" ">
            <subfield code="a">Shelby, Mort.</subfield>
            <subfield code="4">prf</subfield>
        </datafield>
        <datafield tag="700" ind1="1" ind2=" ">
            <subfield code="a">Twain, Mark,</subfield>
            <subfield code="d">1835-1910.</subfield>
        </datafield>
    </record>