
    <record>
        <leader>01841cam a2200361 a 4500</leader>
        <controlfield tag="001">14640397</controlfield>
        <controlfield tag="003">LC</controlfield>
        <controlfield tag="005">20131205093555.0</controlfield>
        <controlfield tag="008">061120s2007    wiua          000 c eng  </controlfield>
        <datafield tag="010" ind1=" " ind2=" ">
            <subfield code="a">  2006053105</subfield>
        </datafield>
        <datafield tag="020" ind1=" " ind2=" ">
            <subfield code="a">9780836879278 (lib. bdg.)</subfield>
        </datafield>
        <datafield tag="020" ind1=" " ind2=" ">
            <subfield code="a">9780836879346 (pbk.)</subfield>
        </datafield>
        <datafield tag="082" ind1="0" ind2="0">
            <subfield code="a">741.5/9</subfield>
            <subfield code="2">22</subfield>
        </datafield>
        <datafield tag="245" ind1="0" ind2="0">
            <subfield code="a">Historical adventure.</subfield>
        </datafield>
        <datafield tag="250" ind1=" " ind2=" ">
            <subfield code="a">North American ed.; U.S. ed.</subfield>
        </datafield>
        <datafield tag="260" ind1=" " ind2=" ">
            <subfield code="a">Milwaukee, Wis. :</subfield>
            <subfield code="b">World Almanac Library,</subfield>
            <subfield code="c">2007.</subfield>
        </datafield>
        <datafield tag="300" ind1=" " ind2=" ">
            <subfield code="a">56 p. :</subfield>
            <subfield code="b">col. ill. ;</subfield>
            <subfield code="c">27 cm.</subfield>
        </datafield>
        <datafield tag="490" ind1="0" ind2=" ">
            <subfield code="a">Bank Street graphic novels</subfield>
        </datafield>
        <datafield tag="500" ind1=" " ind2=" ">
            <subfield code="a">Adaptations originally published in Boy's life magazine, 1999-2007.</subfield>
        </datafield>
        <datafield tag="505" ind1="0" ind2=" ">
            <subfield code="a">A Connecticut Yankee in King Arthur's court / by Mark Twain ; adapted by Henry Barker ; illustrations by Dan Spiegle -- Around the world in 80 days / by Jules Verne ; adapted by Shannon Lowry ; illustrations by Dan Spiegle ; lettering and color by Tom Luth -- The prisoner of Zenda / by Anthony Hope ; adapted by Henry Barker and E.A.M. Jakab ; illustrations by Dan Spiegle.</subfield>
        </datafield>
        <datafield tag="700" ind1="1" ind2=" ">
            <subfield code="a">Hope, Anthony,</subfield>
            <subfield code="d">1863-1933.</subfield>
            <subfield code="t">Prisoner of Zenda.</subfield>
        </datafield>
        <datafield tag="700" ind1="1" ind2=" ">
            <subfield code="a">Spiegle, Dan.</subfield>
        </datafield>
        <datafield tag="700" ind1="1" ind2=" ">
            <subfield code="a">Twain, Mark,</subfield>
            <subfield code="d">1835-1910.</subfield>
            <subfield code="t">Connecticut Yankee in King Arthur's court.</subfield>
        </datafield>
        <datafield tag="700" ind1="1" ind2=" ">
            <subfield code="a">Verne, Jules,</subfield>
            <subfield code="d">1828-1905.</subfield>
            <subfield code="t">Tour du monde en quatre-vingts jours.</subfield>
        </datafield>
        <datafield tag="700" ind1="1" ind2="2">
            <subfield code="a">Barker, Henry,</subfield>
            <subfield code="d">1949-</subfield>
            <subfield code="t">Connecticut Yankee in King Arthur's court.</subfield>
        </datafield>
        <datafield tag="700" ind1="1" ind2="2">
            <subfield code="a">Barker, Henry,</subfield>
            <subfield code="d">1949-</subfield>
            <subfield code="t">Prisoner of Zenda.</subfield>
        </datafield>
        <datafield tag="700" ind1="1" ind2="2">
            <subfield code="a">Lowry, Shannon.</subfield>
            <subfield code="t">Around the world in 80 days.</subfield>
        </datafield>
    </record>