
    <record>
        <leader>02917cam a22003853a 4500</leader>
        <controlfield tag="001">15872772</controlfield>
        <controlfield tag="003">LC</controlfield>
        <controlfield tag="005">20130604132931.0</controlfield>
        <controlfield tag="008">960807s1954    xx            000 0 eng  </controlfield>
        <datafield tag="010" ind1=" " ind2=" ">
            <subfield code="a">  2009657675</subfield>
        </datafield>
        <datafield tag="245" ind1="0" ind2="0">
            <subfield code="a">Huck Finn.</subfield>
        </datafield>
        <datafield tag="260" ind1=" " ind2=" ">
            <subfield code="c">1954.</subfield>
        </datafield>
        <datafield tag="300" ind1=" " ind2=" ">
            <subfield code="a">1 v. (theater program).</subfield>
        </datafield>
        <datafield tag="500" ind1=" " ind2=" ">
            <subfield code="a">Cast: Danny Ruslander, Joseph Sicari, Joseph Shubert, Owen Simon, Jeanne Davis, Trent Knepper, Arnold Sperling, Hugh Fitzgerald, Thomas Major, Sally Bruce, Robert Conforti, Mary Harkleroad, Carole Macho, Patricia Glazer, Henry Sutton, Philip Bosco, Don Murphy, Scranton Mouton, Hugh Fitzgerald, Joseph Plummer, James Foote, John Burke, Walter Swift, Alan Stambusky, Ellenore Kordick. Singers: Roberta Beckman, Barbara Birmingham, Maureen Canfield, Mary Pat Daley, Alice Emmet, Patricia Glazer, Ellenore Kordick, Marion Lebduska, Marthat Petraitis, Patricia Sugrue, John Burke, Brian Dolliver, James Foote, Trent Knepper, Don Murphy, Joseph Plummer, Don Rathgeb, Arnold Sperling, Alan Stambusky, Walter Swift. Dancers: Peggy Colosey, Joan Jahoda, Esther Larkin, Terry Luisi, Patricia McDonald, Eithne Tabor, Mary Van Valkenburgh, Dee Zaiss, Bob Atkinson, Chick Chiaramonte, Robert Gormley, Patrick Hohman, Scranton Mouton, Don Rathgeb, Joseph Sicari, Walter Swift, Joseph Trinity.</subfield>
        </datafield>
        <datafield tag="500" ind1=" " ind2=" ">
            <subfield code="a">Title devised by Library staff.</subfield>
        </datafield>
        <datafield tag="500" ind1=" " ind2=" ">
            <subfield code="a">University Theatre, May 7-22, 1954.</subfield>
        </datafield>
        <datafield tag="520" ind1=" " ind2=" ">
            <subfield code="a">The Catholic University of America Speech and Drama Department, Rev. G.V. Hartke, director presents a new musical "Huck Finn," adapted from "Life on the Mississippi," and "Adventures of Huckleberry Finn," by Samuel Clemens, book, music and lyrics by George Herman, directed by Leo Brady, performances coached by Dr. Josephine McGarry Callan, setting and lighting by James D. Waring, costumes designed by Joseph Lewis, choreography by Jeri Nagle, costumes executed by Ann Tacik, musical arrangements by Joseph Jenkins, piano Georg Maisel, guitar and banjo Charlie Byrd, drums Hy Helman.</subfield>
        </datafield>
        <datafield tag="580" ind1=" " ind2=" ">
            <subfield code="a">In: Richard L. Coe Theater Programs Collection (Library of Congress).</subfield>
        </datafield>
        <datafield tag="700" ind1="1" ind2=" ">
            <subfield code="a">Brady, Leo,</subfield>
            <subfield code="d">1917-</subfield>
        </datafield>
        <datafield tag="700" ind1="1" ind2=" ">
            <subfield code="a">Herman, George,</subfield>
            <subfield code="d">1928-</subfield>
        </datafield>
        <datafield tag="700" ind1="1" ind2=" ">
            <subfield code="a">Twain, Mark,</subfield>
            <subfield code="d">1835-1910.</subfield>
            <subfield code="t">Adventures of Huckleberry Finn.</subfield>
        </datafield>
        <datafield tag="700" ind1="1" ind2=" ">
            <subfield code="a">Twain, Mark,</subfield>
            <subfield code="d">1835-1910.</subfield>
            <subfield code="t">Life on the Mississippi.</subfield>
        </datafield>
        <datafield tag="700" ind1="1" ind2=" ">
            <subfield code="a">Waring, James D.</subfield>
        </datafield>
        <datafield tag="710" ind1="2" ind2=" ">
            <subfield code="a">Catholic University of America.</subfield>
            <subfield code="b">Speech and Drama Department.</subfield>
        </datafield>
        <datafield tag="710" ind1="2" ind2=" ">
            <subfield code="a">Richard L. Coe Theater Programs Collection (Library of Congress)</subfield>
            <subfield code="5">DLC</subfield>
        </datafield>
        <datafield tag="752" ind1=" " ind2=" ">
            <subfield code="a">United States</subfield>
            <subfield code="b">District of Columbia</subfield>
            <subfield code="d">Washington.</subfield>
        </datafield>
    </record>