
    <record>
        <leader>01198cam a2200301 i 4500</leader>
        <controlfield tag="001">4615299</controlfield>
        <controlfield tag="003">LC</controlfield>
        <controlfield tag="005">20030904153615.0</controlfield>
        <controlfield tag="008">771007s1977    txucf    b    000 0 eng  </controlfield>
        <datafield tag="010" ind1=" " ind2=" ">
            <subfield code="a">   77152582 </subfield>
        </datafield>
        <datafield tag="082" ind1="0" ind2="0">
            <subfield code="a">810 s</subfield>
            <subfield code="a">818/.4/09</subfield>
        </datafield>
        <datafield tag="245" ind1="0" ind2="0">
            <subfield code="a">Interviews with Samuel L. Clemens, 1874-1910 :</subfield>
            <subfield code="b">a listing of and selection from newspaper and magazine /</subfield>
            <subfield code="c">edited by Louis J. Budd, with introd. and notes.</subfield>
        </datafield>
        <datafield tag="260" ind1=" " ind2=" ">
            <subfield code="a">[Arlington] :</subfield>
            <subfield code="b">University of Texas at Arlington,</subfield>
            <subfield code="c">1977.</subfield>
        </datafield>
        <datafield tag="300" ind1=" " ind2=" ">
            <subfield code="a">xii, 100 p., [1] fold. leaf of plates :</subfield>
            <subfield code="b">ports. ;</subfield>
            <subfield code="c">25 cm.</subfield>
        </datafield>
        <datafield tag="440" ind1=" " ind2="0">
            <subfield code="a">American literary realism ;</subfield>
            <subfield code="v">v. 10, no. 1</subfield>
        </datafield>
        <datafield tag="504" ind1=" " ind2=" ">
            <subfield code="a">Bibliography: p. [1]-30.</subfield>
        </datafield>
        <datafield tag="600" ind1="1" ind2="0">
            <subfield code="a">Twain, Mark,</subfield>
            <subfield code="d">1835-1910</subfield>
            <subfield code="x">Bibliography.</subfield>
        </datafield>
        <datafield tag="600" ind1="1" ind2="0">
            <subfield code="a">Twain, Mark,</subfield>
            <subfield code="d">1835-1910</subfield>
            <subfield code="x">Interviews.</subfield>
        </datafield>
        <datafield tag="700" ind1="1" ind2=" ">
            <subfield code="a">Budd, Louis J.</subfield>
        </datafield>
        <datafield tag="700" ind1="1" ind2=" ">
            <subfield code="a">Twain, Mark,</subfield>
            <subfield code="d">1835-1910.</subfield>
        </datafield>
    </record>