
    <record>
        <leader>05780cgm a2200925 a 4500</leader>
        <controlfield tag="001">11511197</controlfield>
        <controlfield tag="003">LC</controlfield>
        <controlfield tag="005">20140813085822.0</controlfield>
        <controlfield tag="007">mrubaaaduzautunai198706</controlfield>
        <controlfield tag="007">mrunzaadugbutunac198706</controlfield>
        <controlfield tag="007">vfubcahru</controlfield>
        <controlfield tag="007">vrubeahpu</controlfield>
        <controlfield tag="008">870414s1954    xxu122            mleng  </controlfield>
        <datafield tag="010" ind1=" " ind2=" ">
            <subfield code="a">   87706239 </subfield>
        </datafield>
        <datafield tag="245" ind1="0" ind2="0">
            <subfield code="a">Light's diamond jubilee /</subfield>
            <subfield code="c">Selznick Studios ; producer, David O. Selznick ; directors [film sequences], King Vidor, William Wellman, Norman Taurog, Roy Rowland, Christian Nyby, [live sequences] Alan Handley ; teleplay, Ben Hecht.</subfield>
        </datafield>
        <datafield tag="257" ind1=" " ind2=" ">
            <subfield code="a">U.S.</subfield>
        </datafield>
        <datafield tag="260" ind1=" " ind2=" ">
            <subfield code="a">United States :</subfield>
            <subfield code="b">ABC Television Network :</subfield>
            <subfield code="b">CBS Television Network :</subfield>
            <subfield code="b">Du Mont Television Network :</subfield>
            <subfield code="b">NBC Television Network,</subfield>
            <subfield code="c">1954-10-24.</subfield>
        </datafield>
        <datafield tag="300" ind1=" " ind2=" ">
            <subfield code="a">2 reels of 2 (inc.) (3750 ft.) :</subfield>
            <subfield code="b">sd., b&amp;w ;</subfield>
            <subfield code="c">16 mm. kinescope positive.</subfield>
        </datafield>
        <datafield tag="300" ind1=" " ind2=" ">
            <subfield code="a">2 videocassettes of 2 (inc.) (104 min.) :</subfield>
            <subfield code="b">sd., b&amp;w ;</subfield>
            <subfield code="c">3/4 in. viewing copy.</subfield>
        </datafield>
        <datafield tag="300" ind1=" " ind2=" ">
            <subfield code="a">2 videoreels of 2 (inc.) (104 min.) :</subfield>
            <subfield code="b">sd., b&amp;w ;</subfield>
            <subfield code="c">1 in. master.</subfield>
        </datafield>
        <datafield tag="300" ind1=" " ind2=" ">
            <subfield code="a">4 reels of 4 (4394 ft.) :</subfield>
            <subfield code="b">sd. ;</subfield>
            <subfield code="c">16 mm. negative track.</subfield>
        </datafield>
        <datafield tag="500" ind1=" " ind2=" ">
            <subfield code="a">Broadcast information from TV guide (New York ed.), 10-24-1954; date also appears as 10/26/1954 on inventory.</subfield>
            <subfield code="5">DLC</subfield>
        </datafield>
        <datafield tag="500" ind1=" " ind2=" ">
            <subfield code="a">Copyright: no reg.</subfield>
        </datafield>
        <datafield tag="500" ind1=" " ind2=" ">
            <subfield code="a">Information on missing segment from Gianakos', Television drama series programming 1947-59, p. 12.</subfield>
        </datafield>
        <datafield tag="500" ind1=" " ind2=" ">
            <subfield code="a">LC viewing copy and master made from incomplete kine pos material. Missing segment includes George Gobel sketch which originally appeared at end of first hour.</subfield>
            <subfield code="5">DLC</subfield>
        </datafield>
        <datafield tag="500" ind1=" " ind2=" ">
            <subfield code="a">NBC inventory box no. 608 &amp; 1133; Diamond jubilee of light.</subfield>
            <subfield code="5">DLC</subfield>
        </datafield>
        <datafield tag="500" ind1=" " ind2=" ">
            <subfield code="a">Segment titles, A Kiss for the Lieutenant, Girls in their summer dresses, A Chance for adventure, and The Leader of the people taken from TV guide (New York ed.), 10-24-1954, p. A-23.</subfield>
        </datafield>
        <datafield tag="500" ind1=" " ind2=" ">
            <subfield code="a">Title on slateboard of video copies is, Diamond jubilee of light.</subfield>
        </datafield>
        <datafield tag="506" ind1=" " ind2=" ">
            <subfield code="a">Restricted;</subfield>
            <subfield code="3">videocassettes only may be viewed;</subfield>
            <subfield code="c">no physical handling by researchers.</subfield>
        </datafield>
        <datafield tag="508" ind1=" " ind2=" ">
            <subfield code="a">Executive associate, William Phillipson ; associate director, Bud Yorkin ; music, Victor Young ; directors of photography, Ray June, James Wong Howe.</subfield>
        </datafield>
        <datafield tag="511" ind1="0" ind2=" ">
            <subfield code="a">Address by President Dwight Eisenhower.</subfield>
        </datafield>
        <datafield tag="511" ind1="0" ind2=" ">
            <subfield code="a">Host: Joseph Cotten.</subfield>
        </datafield>
        <datafield tag="511" ind1="0" ind2=" ">
            <subfield code="a">Performers: Judith Anderson, Lauren Bacall, Walter Brennan, Dorothy Dandridge, Brandon De Wilde, Eddie Fisher, George Gobel, Helen Hayes, Guy Madison, Thomas Mitchell, David Niven, Kim Novak, Robert Benchley.</subfield>
        </datafield>
        <datafield tag="520" ind1=" " ind2=" ">
            <subfield code="a">A variety program consisting of sketches and songs "celebrating the birth of the Electric Bulb [and] paying tribute to the American Individual." Segments include a dramatization of the fence painting episode from Mark Twain's Adventures of Tom Sawyer; a short dramatic reading by Judith Anderson; a comedy sketch on child rearing featuring Robert Benchley; a sequence honoring the American school teacher, with Helen Hayes; a dramatization entitled, A Kiss for the Lieutenant, by Arthur Gordon; several songs by Eddie Fisher; a dramatization entitled, Girls in their summer dresses, by Irwin Shaw; a monologue on the common man, by George Goble [missing segment]; a dramatization entitled, A Chance for adventure, by Max Shulman, which features a song interlude by Dorothy Dandridge; and a dramatization entitled, The Leader of the people, by John Steinbeck. Program closes with an address to the nation by President Dwight Eisenhower.</subfield>
        </datafield>
        <datafield tag="541" ind1=" " ind2=" ">
            <subfield code="d">Received: 3-5-87 from LC video lab;</subfield>
            <subfield code="3">viewing copy and master;</subfield>
            <subfield code="c">preservation;</subfield>
            <subfield code="a">NBC Television Collection.</subfield>
        </datafield>
        <datafield tag="541" ind1=" " ind2=" ">
            <subfield code="d">Received: 7-16-86;</subfield>
            <subfield code="3">kine pos and neg track;</subfield>
            <subfield code="c">gift;</subfield>
            <subfield code="a">NBC Television Collection.</subfield>
        </datafield>
        <datafield tag="700" ind1="1" ind2=" ">
            <subfield code="a">Anderson, Judith,</subfield>
            <subfield code="d">1897-1992,</subfield>
            <subfield code="e">performer.</subfield>
        </datafield>
        <datafield tag="700" ind1="1" ind2=" ">
            <subfield code="a">Bacall, Lauren,</subfield>
            <subfield code="d">1924-2014,</subfield>
            <subfield code="e">performer.</subfield>
        </datafield>
        <datafield tag="700" ind1="1" ind2=" ">
            <subfield code="a">Benchley, Robert,</subfield>
            <subfield code="d">1889-1945,</subfield>
            <subfield code="e">performer.</subfield>
        </datafield>
        <datafield tag="700" ind1="1" ind2=" ">
            <subfield code="a">Brennan, Walter,</subfield>
            <subfield code="d">1894-1974,</subfield>
            <subfield code="e">performer.</subfield>
        </datafield>
        <datafield tag="700" ind1="1" ind2=" ">
            <subfield code="a">Cotten, Joseph,</subfield>
            <subfield code="d">1905-1994,</subfield>
            <subfield code="e">host.</subfield>
        </datafield>
        <datafield tag="700" ind1="1" ind2=" ">
            <subfield code="a">Dandridge, Dorothy,</subfield>
            <subfield code="d">1922-1965,</subfield>
            <subfield code="e">performer.</subfield>
        </datafield>
        <datafield tag="700" ind1="1" ind2=" ">
            <subfield code="a">Eisenhower, Dwight D.</subfield>
            <subfield code="q">(Dwight David),</subfield>
            <subfield code="d">1890-1969.</subfield>
        </datafield>
        <datafield tag="700" ind1="1" ind2=" ">
            <subfield code="a">Fisher, Eddie,</subfield>
            <subfield code="e">performer.</subfield>
        </datafield>
        <datafield tag="700" ind1="1" ind2=" ">
            <subfield code="a">Handley, Alan,</subfield>
            <subfield code="e">direction.</subfield>
        </datafield>
        <datafield tag="700" ind1="1" ind2=" ">
            <subfield code="a">Hayes, Helen,</subfield>
            <subfield code="d">1900-1993,</subfield>
            <subfield code="e">performer.</subfield>
        </datafield>
        <datafield tag="700" ind1="1" ind2=" ">
            <subfield code="a">Hecht, Ben,</subfield>
            <subfield code="d">1894-1964,</subfield>
            <subfield code="e">writing.</subfield>
        </datafield>
        <datafield tag="700" ind1="1" ind2=" ">
            <subfield code="a">Mitchell, Thomas,</subfield>
            <subfield code="d">1892-1962,</subfield>
            <subfield code="e">performer.</subfield>
        </datafield>
        <datafield tag="700" ind1="1" ind2=" ">
            <subfield code="a">Niven, David,</subfield>
            <subfield code="d">1910-1983,</subfield>
            <subfield code="e">performer.</subfield>
        </datafield>
        <datafield tag="700" ind1="1" ind2=" ">
            <subfield code="a">Novak, Kim,</subfield>
            <subfield code="e">performer.</subfield>
        </datafield>
        <datafield tag="700" ind1="1" ind2=" ">
            <subfield code="a">Nyby, Christian,</subfield>
            <subfield code="d">1913-1993,</subfield>
            <subfield code="e">direction.</subfield>
        </datafield>
        <datafield tag="700" ind1="1" ind2=" ">
            <subfield code="a">Rowland, Roy,</subfield>
            <subfield code="e">direction.</subfield>
        </datafield>
        <datafield tag="700" ind1="1" ind2=" ">
            <subfield code="a">Selznick, David O.,</subfield>
            <subfield code="d">1902-1965,</subfield>
            <subfield code="e">production.</subfield>
        </datafield>
        <datafield tag="700" ind1="1" ind2=" ">
            <subfield code="a">Taurog, Norman,</subfield>
            <subfield code="d">1899-1981,</subfield>
            <subfield code="e">direction.</subfield>
        </datafield>
        <datafield tag="700" ind1="1" ind2=" ">
            <subfield code="a">Twain, Mark,</subfield>
            <subfield code="d">1835-1910.</subfield>
            <subfield code="t">Adventures of Tom Sawyer.</subfield>
        </datafield>
        <datafield tag="700" ind1="1" ind2=" ">
            <subfield code="a">Vidor, King,</subfield>
            <subfield code="d">1894-1982,</subfield>
            <subfield code="e">direction.</subfield>
        </datafield>
        <datafield tag="700" ind1="1" ind2=" ">
            <subfield code="a">Wellman, William A.,</subfield>
            <subfield code="d">1896-1975,</subfield>
            <subfield code="e">direction.</subfield>
        </datafield>
        <datafield tag="710" ind1="2" ind2=" ">
            <subfield code="a">ABC Television Network.</subfield>
        </datafield>
        <datafield tag="710" ind1="2" ind2=" ">
            <subfield code="a">CBS Television Network.</subfield>
        </datafield>
        <datafield tag="710" ind1="2" ind2=" ">
            <subfield code="a">Du Mont Television Network.</subfield>
        </datafield>
        <datafield tag="710" ind1="2" ind2=" ">
            <subfield code="a">NBC Television Collection (Library of Congress)</subfield>
            <subfield code="5">DLC</subfield>
        </datafield>
        <datafield tag="710" ind1="2" ind2=" ">
            <subfield code="a">NBC Television Network.</subfield>
        </datafield>
        <datafield tag="710" ind1="2" ind2=" ">
            <subfield code="a">Selznick Studios.</subfield>
        </datafield>
        <datafield tag="740" ind1="0" ind2=" ">
            <subfield code="a">Diamond jubilee of light.</subfield>
            <subfield code="5">DLC</subfield>
        </datafield>
    </record>