
    <record>
        <leader>01781cam a2200433 a 4500</leader>
        <controlfield tag="001">745592</controlfield>
        <controlfield tag="003">LC</controlfield>
        <controlfield tag="005">20190627154710.0</controlfield>
        <controlfield tag="008">941208s1875    mauaf         000 1 eng  </controlfield>
        <datafield tag="010" ind1=" " ind2=" ">
            <subfield code="a">   13014675 </subfield>
        </datafield>
        <datafield tag="051" ind1=" " ind2=" ">
            <subfield code="a">Microfilm 68197 PS</subfield>
        </datafield>
        <datafield tag="051" ind1=" " ind2=" ">
            <subfield code="a">PS507</subfield>
            <subfield code="b">.B75 1875 Copy 2</subfield>
            <subfield code="c">Copy 2.  Bound in red cloth.</subfield>
        </datafield>
        <datafield tag="051" ind1=" " ind2=" ">
            <subfield code="a">PS507</subfield>
            <subfield code="b">.B75 1875 Copy 4</subfield>
            <subfield code="c">Copy 4. Source: Gift of Frances R. Friedman, June 15, 1992. Bound in leather.</subfield>
        </datafield>
        <datafield tag="245" ind1="0" ind2="0">
            <subfield code="a">Lotos leaves :</subfield>
            <subfield code="b">original stories, essays, and poems by Whitelaw Reid, Wilkie Collins, Mark Twain ... [et al.] /</subfield>
            <subfield code="c">edited by John Brougham and John Elderkin.</subfield>
        </datafield>
        <datafield tag="260" ind1=" " ind2=" ">
            <subfield code="a">Boston :</subfield>
            <subfield code="b">William F. Gill,</subfield>
            <subfield code="c">1875.</subfield>
        </datafield>
        <datafield tag="300" ind1=" " ind2=" ">
            <subfield code="a">xv, 411 p., [14] leaves of plates :</subfield>
            <subfield code="b">ill. ;</subfield>
            <subfield code="c">23 cm.</subfield>
        </datafield>
        <datafield tag="500" ind1=" " ind2=" ">
            <subfield code="a">Of the 2 printings noted by BAL, this is the one with Welch, Bigelow device on copyright page.</subfield>
        </datafield>
        <datafield tag="510" ind1="4" ind2=" ">
            <subfield code="a">BAL</subfield>
            <subfield code="c">3363</subfield>
        </datafield>
        <datafield tag="700" ind1="1" ind2=" ">
            <subfield code="a">Brougham, John,</subfield>
            <subfield code="d">1810-1880.</subfield>
        </datafield>
        <datafield tag="700" ind1="1" ind2=" ">
            <subfield code="a">Elderkin, John,</subfield>
            <subfield code="d">1841-1926.</subfield>
        </datafield>
        <datafield tag="700" ind1="1" ind2=" ">
            <subfield code="a">Twain, Mark,</subfield>
            <subfield code="d">1835-1910.</subfield>
        </datafield>
        <datafield tag="710" ind1="2" ind2=" ">
            <subfield code="a">Roy J. Friedman Mark Twain Collection (Library of Congress)</subfield>
            <subfield code="5">DLC</subfield>
        </datafield>
    </record>