
    <record>
        <leader>03334cam a2200565 i 4500</leader>
        <controlfield tag="001">19709567</controlfield>
        <controlfield tag="003">LC</controlfield>
        <controlfield tag="005">20180802143838.0</controlfield>
        <controlfield tag="008">170614t20172017pau      b    000 1 eng d</controlfield>
        <datafield tag="010" ind1=" " ind2=" ">
            <subfield code="a">  2017287521</subfield>
        </datafield>
        <datafield tag="020" ind1=" " ind2=" ">
            <subfield code="a">0812223667</subfield>
        </datafield>
        <datafield tag="020" ind1=" " ind2=" ">
            <subfield code="a">9780812223668</subfield>
        </datafield>
        <datafield tag="082" ind1="0" ind2="4">
            <subfield code="a">813.0108</subfield>
            <subfield code="2">23</subfield>
        </datafield>
        <datafield tag="245" ind1="0" ind2="5">
            <subfield code="a">"The man who thought himself a woman" and other queer nineteenth-century short stories /</subfield>
            <subfield code="c">edited and with an introduction by Christopher Looby.</subfield>
        </datafield>
        <datafield tag="264" ind1=" " ind2="1">
            <subfield code="a">Philadelphia :</subfield>
            <subfield code="b">University of Pennsylvania Press,</subfield>
            <subfield code="c">[2017]</subfield>
        </datafield>
        <datafield tag="264" ind1=" " ind2="4">
            <subfield code="c">©2017</subfield>
        </datafield>
        <datafield tag="300" ind1=" " ind2=" ">
            <subfield code="a">xxiv, 311 pages ;</subfield>
            <subfield code="c">23 cm.</subfield>
        </datafield>
        <datafield tag="336" ind1=" " ind2=" ">
            <subfield code="a">text</subfield>
            <subfield code="b">txt</subfield>
            <subfield code="2">rdacontent</subfield>
        </datafield>
        <datafield tag="337" ind1=" " ind2=" ">
            <subfield code="a">unmediated</subfield>
            <subfield code="b">n</subfield>
            <subfield code="2">rdamedia</subfield>
        </datafield>
        <datafield tag="338" ind1=" " ind2=" ">
            <subfield code="a">volume</subfield>
            <subfield code="b">nc</subfield>
            <subfield code="2">rdacarrier</subfield>
        </datafield>
        <datafield tag="490" ind1="1" ind2=" ">
            <subfield code="a">Q19: the queer American nineteenth century</subfield>
        </datafield>
        <datafield tag="504" ind1=" " ind2=" ">
            <subfield code="a">Includes bibliographical references (pages 295-311).</subfield>
        </datafield>
        <datafield tag="505" ind1="0" ind2=" ">
            <subfield code="a">Introduction : queer short stories in nineteenth-century America / Christopher Looby -- The child's champion (1841) / Walt Whitman -- A south-sea idyl (1869) / Charles Warren Stoddard -- The haunted valley (1871) / Ambrose Bierce -- Felipa (1876) / Constance Fenimore Woolson -- My Lorelei : a Heidelberg romance (1880) / Octave Thanet -- The bachelors (1836) / Samuiel L. Knapp -- The man who thought himself a woman (1857) / Anonymous -- Two friends (1887) / Mary Wilkins Freeman -- How Nancy Jackson married Kate Wilson (c. 1900-1903) / Mark Twain -- Paul's case : a study in temperament (1905) / Willa Cather -- Twin-love (1871) / Bayard Taylor -- Out of the deeps (1872) / Elizabeth Stoddard -- In the tules (1895) / Bert Harte -- Martha's lady (1897) / Sarah Orne Jewett -- The heart's desire (1908) / Sui Sin Far -- I and my chimney (1856) / Herman Melville -- The candy country (1885) / Louisa May Alcott -- Dave's neckliss (1889) / Charles W. Chesnutt -- Schopenhauer in the air (1894) / Sadakichi Hartmann -- Lilacs (1896) / Kate Chopin.</subfield>
        </datafield>
        <datafield tag="610" ind1="2" ind2="7">
            <subfield code="a">Umschulungswerkstätten für Siedler und Auswanderer</subfield>
            <subfield code="g">Bitterfeld</subfield>
            <subfield code="2">gnd</subfield>
        </datafield>
        <datafield tag="648" ind1=" " ind2="7">
            <subfield code="a">1800-1899</subfield>
            <subfield code="2">fast</subfield>
        </datafield>
        <datafield tag="700" ind1="1" ind2=" ">
            <subfield code="a">Looby, Christopher,</subfield>
            <subfield code="e">editor,</subfield>
            <subfield code="e">writer of introduction.</subfield>
        </datafield>
        <datafield tag="700" ind1="1" ind2=" ">
            <subfield code="a">Taylor, Bayard,</subfield>
            <subfield code="d">1825-1878,</subfield>
            <subfield code="e">contributor.</subfield>
        </datafield>
        <datafield tag="700" ind1="1" ind2=" ">
            <subfield code="a">Twain, Mark,</subfield>
            <subfield code="d">1835-1910,</subfield>
            <subfield code="e">contributor.</subfield>
        </datafield>
        <datafield tag="700" ind1="1" ind2=" ">
            <subfield code="a">Whitman, Walt,</subfield>
            <subfield code="d">1819-1892,</subfield>
            <subfield code="e">contributor.</subfield>
        </datafield>
        <datafield tag="830" ind1=" " ind2="0">
            <subfield code="a">Q19: the queer American nineteenth century.</subfield>
        </datafield>
    </record>