
    <record>
        <leader>01438cam a2200265u  4500</leader>
        <controlfield tag="001">10259113</controlfield>
        <controlfield tag="003">LC</controlfield>
        <controlfield tag="005">20160318095930.0</controlfield>
        <controlfield tag="008">861009s1954    xx            000 0 eng  </controlfield>
        <datafield tag="010" ind1=" " ind2=" ">
            <subfield code="a">fi 54000842 </subfield>
        </datafield>
        <datafield tag="245" ind1="0" ind2="0">
            <subfield code="a">Man with a million</subfield>
            <subfield code="h">[Motion picture]</subfield>
        </datafield>
        <datafield tag="260" ind1=" " ind2=" ">
            <subfield code="a">[n.p.]</subfield>
            <subfield code="b">Group Film Productions, London, 1953. Released in the U. S. by United Artists Corp.,</subfield>
            <subfield code="c">1954.</subfield>
        </datafield>
        <datafield tag="300" ind1=" " ind2=" ">
            <subfield code="a">p. 90 min., sd., color, 35 mm.</subfield>
        </datafield>
        <datafield tag="500" ind1=" " ind2=" ">
            <subfield code="a">Based on the story The million pound bank note, by Mark Twain (pseud.)</subfield>
        </datafield>
        <datafield tag="500" ind1=" " ind2=" ">
            <subfield code="a">CREDITS: Producer, John Bryan; director, Ronald Neame; screenplay, Jill Craigie; music, William Alwyn; editor, Clive Donner. CAST: Gregory Peck, Jane Griffiths, Ronald Squire, Joyce Grenfell, A. E. Matthews.</subfield>
        </datafield>
        <datafield tag="500" ind1=" " ind2=" ">
            <subfield code="a">Released in England under the title The million pound note.</subfield>
        </datafield>
        <datafield tag="500" ind1=" " ind2=" ">
            <subfield code="a">SUMMARY: A satirical comedy. In the late nineteenth century, a penniless American, stranded in London, is presented with a million pound currency note by wealthy London eccentrics who are trying to settle a bet regarding the power of money.</subfield>
        </datafield>
        <datafield tag="500" ind1=" " ind2=" ">
            <subfield code="a">Technicolor.</subfield>
        </datafield>
        <datafield tag="700" ind1="1" ind2=" ">
            <subfield code="a">Twain, Mark,</subfield>
            <subfield code="d">1835-1910.</subfield>
            <subfield code="t">Million pound bank note.</subfield>
        </datafield>
        <datafield tag="710" ind1="2" ind2=" ">
            <subfield code="a">Group Film Productions, ltd., London. [from old catalog]</subfield>
        </datafield>
        <datafield tag="710" ind1="2" ind2=" ">
            <subfield code="a">United Artists Corporation.</subfield>
        </datafield>
        <datafield tag="730" ind1="0" ind2=" ">
            <subfield code="a">Million pound note [Motion picture] [from old catalog]</subfield>
        </datafield>
    </record>