
    <record>
        <leader>01366cam a2200373 a 4500</leader>
        <controlfield tag="001">4032221</controlfield>
        <controlfield tag="003">LC</controlfield>
        <controlfield tag="005">20130418111506.0</controlfield>
        <controlfield tag="008">980507s1998    tnua     b    001 0beng  </controlfield>
        <datafield tag="010" ind1=" " ind2=" ">
            <subfield code="a">   98007980 </subfield>
        </datafield>
        <datafield tag="020" ind1=" " ind2=" ">
            <subfield code="a">0824940857 (alk. paper)</subfield>
        </datafield>
        <datafield tag="082" ind1="0" ind2="0">
            <subfield code="a">818/.409</subfield>
            <subfield code="a">B</subfield>
            <subfield code="2">21</subfield>
        </datafield>
        <datafield tag="245" ind1="0" ind2="0">
            <subfield code="a">Mark Twain /</subfield>
            <subfield code="c">[compiled] by Nancy Skarmeas.</subfield>
        </datafield>
        <datafield tag="250" ind1=" " ind2=" ">
            <subfield code="a">1st ed.</subfield>
        </datafield>
        <datafield tag="260" ind1=" " ind2=" ">
            <subfield code="a">Nashville, Tenn. :</subfield>
            <subfield code="b">Ideals Publications Inc.,</subfield>
            <subfield code="c">1998.</subfield>
        </datafield>
        <datafield tag="300" ind1=" " ind2=" ">
            <subfield code="a">96 p. :</subfield>
            <subfield code="b">ill. (some col.) ;</subfield>
            <subfield code="c">27 cm.</subfield>
        </datafield>
        <datafield tag="490" ind1="1" ind2=" ">
            <subfield code="a">[Great Americans]</subfield>
        </datafield>
        <datafield tag="500" ind1=" " ind2=" ">
            <subfield code="a">Series statement on jacket.</subfield>
        </datafield>
        <datafield tag="504" ind1=" " ind2=" ">
            <subfield code="a">Includes bibliographical references and index.</subfield>
        </datafield>
        <datafield tag="600" ind1="1" ind2="0">
            <subfield code="a">Twain, Mark,</subfield>
            <subfield code="d">1835-1910</subfield>
            <subfield code="x">Quotations.</subfield>
        </datafield>
        <datafield tag="600" ind1="1" ind2="0">
            <subfield code="a">Twain, Mark,</subfield>
            <subfield code="d">1835-1910.</subfield>
        </datafield>
        <datafield tag="700" ind1="1" ind2=" ">
            <subfield code="a">Skarmeas, Nancy J.</subfield>
        </datafield>
        <datafield tag="700" ind1="1" ind2="2">
            <subfield code="a">Twain, Mark,</subfield>
            <subfield code="d">1835-1910.</subfield>
            <subfield code="t">Works.</subfield>
            <subfield code="k">Selections.</subfield>
            <subfield code="f">1998.</subfield>
        </datafield>
        <datafield tag="710" ind1="2" ind2=" ">
            <subfield code="a">Ideals Publications Incorporated.</subfield>
        </datafield>
        <datafield tag="830" ind1=" " ind2="0">
            <subfield code="a">Great Americans (Nashville, Tenn.)</subfield>
        </datafield>
    </record>