
    <record>
        <leader>01241cam a2200313 a 4500</leader>
        <controlfield tag="001">3280640</controlfield>
        <controlfield tag="003">LC</controlfield>
        <controlfield tag="005">19990812224753.0</controlfield>
        <controlfield tag="008">830826s1983    iaua     b    000 0 eng  </controlfield>
        <datafield tag="010" ind1=" " ind2=" ">
            <subfield code="a">   82084336 </subfield>
        </datafield>
        <datafield tag="020" ind1=" " ind2=" ">
            <subfield code="a">0840329083 (pbk.)</subfield>
        </datafield>
        <datafield tag="082" ind1="0" ind2="0">
            <subfield code="a">818/.409</subfield>
            <subfield code="2">19</subfield>
        </datafield>
        <datafield tag="245" ind1="0" ind2="0">
            <subfield code="a">Mark Twain himself! :</subfield>
            <subfield code="b">humor, war, and fundamentalism /</subfield>
            <subfield code="c">by Mark Twain (Samuel L. Clemens) ; as arranged and edited by William L. McLinn ; with a foreword by Louis J. Budd and an introduction by Robert McAfee Brown.</subfield>
        </datafield>
        <datafield tag="260" ind1=" " ind2=" ">
            <subfield code="a">Dubuque, Iowa :</subfield>
            <subfield code="b">Kendall/Hunt Pub. Co.,</subfield>
            <subfield code="c">c1983.</subfield>
        </datafield>
        <datafield tag="300" ind1=" " ind2=" ">
            <subfield code="a">xxvi, 323 p. :</subfield>
            <subfield code="b">ill. ;</subfield>
            <subfield code="c">23 cm.</subfield>
        </datafield>
        <datafield tag="440" ind1=" " ind2="0">
            <subfield code="a">Mark Twain, social critic for the eighties ;</subfield>
            <subfield code="v">v. 2</subfield>
        </datafield>
        <datafield tag="504" ind1=" " ind2=" ">
            <subfield code="a">Bibliography: p. 300-302.</subfield>
        </datafield>
        <datafield tag="600" ind1="1" ind2="0">
            <subfield code="a">Twain, Mark,</subfield>
            <subfield code="d">1835-1910</subfield>
            <subfield code="x">Political and social views.</subfield>
        </datafield>
        <datafield tag="600" ind1="1" ind2="0">
            <subfield code="a">Twain, Mark,</subfield>
            <subfield code="d">1835-1910</subfield>
            <subfield code="x">Quotations.</subfield>
        </datafield>
        <datafield tag="700" ind1="1" ind2=" ">
            <subfield code="a">McLinn, William L.</subfield>
        </datafield>
        <datafield tag="700" ind1="1" ind2=" ">
            <subfield code="a">Twain, Mark,</subfield>
            <subfield code="d">1835-1910.</subfield>
        </datafield>
    </record>