
    <record>
        <leader>02964cjm a22005051a 4500</leader>
        <controlfield tag="001">12984940</controlfield>
        <controlfield tag="003">LC</controlfield>
        <controlfield tag="005">20031025090221.0</controlfield>
        <controlfield tag="007">sd fsngnnmmned</controlfield>
        <controlfield tag="008">021029r20011993nyufmn   i          eng d</controlfield>
        <datafield tag="010" ind1=" " ind2=" ">
            <subfield code="a">  2002606667</subfield>
        </datafield>
        <datafield tag="024" ind1="1" ind2=" ">
            <subfield code="a">696998609129</subfield>
        </datafield>
        <datafield tag="024" ind1="1" ind2="0">
            <subfield code="a">696998609129</subfield>
        </datafield>
        <datafield tag="028" ind1="0" ind2="2">
            <subfield code="a">CK 86091</subfield>
            <subfield code="b">Columbia</subfield>
        </datafield>
        <datafield tag="028" ind1="0" ind2="2">
            <subfield code="a">CK 86091</subfield>
            <subfield code="b">Columbia/Legacy</subfield>
        </datafield>
        <datafield tag="043" ind1=" " ind2=" ">
            <subfield code="a">n-us---</subfield>
        </datafield>
        <datafield tag="245" ind1="0" ind2="0">
            <subfield code="a">Mark Twain</subfield>
            <subfield code="h">[sound recording] :</subfield>
            <subfield code="b">original soundtrack recording.</subfield>
        </datafield>
        <datafield tag="260" ind1=" " ind2=" ">
            <subfield code="a">New York, NY :</subfield>
            <subfield code="b">Columbia/Legacy,</subfield>
            <subfield code="c">p2001.</subfield>
        </datafield>
        <datafield tag="300" ind1=" " ind2=" ">
            <subfield code="a">1 sound disc :</subfield>
            <subfield code="b">digital ;</subfield>
            <subfield code="c">4 3/4 in.</subfield>
        </datafield>
        <datafield tag="500" ind1=" " ind2=" ">
            <subfield code="a">Compact disc.</subfield>
        </datafield>
        <datafield tag="500" ind1=" " ind2=" ">
            <subfield code="a">Contains some previously released selections (p1993-p1997).</subfield>
        </datafield>
        <datafield tag="500" ind1=" " ind2=" ">
            <subfield code="a">Principally American folk instrumentals, from the television mini-series.</subfield>
        </datafield>
        <datafield tag="500" ind1=" " ind2=" ">
            <subfield code="a">Program notes (19 p. : ill.) inserted in container.</subfield>
        </datafield>
        <datafield tag="505" ind1="0" ind2="0">
            <subfield code="t">"Made in the image of God"</subfield>
            <subfield code="r">(Mark Twain monologue spoken by Kevin Conway) -- Sweet Betsy from Pike</subfield>
            <subfield code="r">(Bobby Horton) -- Dogue Creek</subfield>
            <subfield code="r">(Bobby Horton) -- Wagoner's lad (Jacqueline Schwab) -- Howl</subfield>
            <subfield code="r">(Ed Gerhard) -- Mighty big river</subfield>
            <subfield code="r">(Bobby Horton) -- Shadow on the marsh</subfield>
            <subfield code="r">(Al Petteway) -- Poor wayfarin' stranger</subfield>
            <subfield code="r">(Bobby Horton) -- Shuckin' the bush</subfield>
            <subfield code="r">(Fiddlin' Johnny) -- How can I keep from singing</subfield>
            <subfield code="r">(Jacqueline Schwab) -- "Old voices"</subfield>
            <subfield code="r">(Mark Twain monologue spoken by Kevin Conway) -- For Ireland I'd not tell her name</subfield>
            <subfield code="r">(Bobby Horton) -- When tomorrow comes</subfield>
            <subfield code="r">(Jacqueline Schwab) -- Wagoner's lad</subfield>
            <subfield code="r">(Bobby Horton) --</subfield>
            <subfield code="t">The falls</subfield>
            <subfield code="r">(Bobby Horton) --</subfield>
            <subfield code="t">Ties that bind</subfield>
            <subfield code="r">(Jacqueline Schwab) --</subfield>
            <subfield code="t">Rosin' the bow</subfield>
            <subfield code="r">(Bobby Horton) --</subfield>
            <subfield code="t">Amelia</subfield>
            <subfield code="r">(Jacqueline Schwab) --</subfield>
            <subfield code="t">"Shakespeare is dead"</subfield>
            <subfield code="r">(Mark Twain monologue spoken by Kevin Conway) --</subfield>
            <subfield code="t">Dill pickle rag</subfield>
            <subfield code="r">(Fiddlin' Johnny) --</subfield>
            <subfield code="t">Hard times</subfield>
            <subfield code="r">(Jacqueline Schwab) --</subfield>
            <subfield code="t">Hard times</subfield>
            <subfield code="r">(Bobby Horton) --</subfield>
            <subfield code="t">Sweet Betsy from Pike</subfield>
            <subfield code="r">(Peter Ostroushko) --</subfield>
            <subfield code="t">Maple leaf rag</subfield>
            <subfield code="r">(Jacqueline Schwab) --</subfield>
            <subfield code="t">"Two unaccountable freaks"</subfield>
            <subfield code="r">(Mark Train monologue spoken by Kevin Conway) --</subfield>
            <subfield code="t">Sweet Betsy from Pike</subfield>
            <subfield code="r">(Jacqueline Schwab) --</subfield>
            <subfield code="t">How can I keep from singing</subfield>
            <subfield code="r">(Bobby Horton) --</subfield>
            <subfield code="t">"Advice for arrival in Heaven"</subfield>
            <subfield code="r">(Mark Twain monologue spoken by Kevin Conway) --</subfield>
            <subfield code="t">Swing low, sweet chariot</subfield>
            <subfield code="r">(Bobby Horton).</subfield>
        </datafield>
        <datafield tag="511" ind1="0" ind2=" ">
            <subfield code="a">Various performers.</subfield>
        </datafield>
        <datafield tag="700" ind1="0" ind2=" ">
            <subfield code="a">Fiddlin' Johnny,</subfield>
            <subfield code="d">1980-</subfield>
            <subfield code="4">prf</subfield>
        </datafield>
        <datafield tag="700" ind1="1" ind2=" ">
            <subfield code="a">Conway, Kevin.</subfield>
            <subfield code="4">nrt</subfield>
        </datafield>
        <datafield tag="700" ind1="1" ind2=" ">
            <subfield code="a">Gerhard, Edward.</subfield>
            <subfield code="4">prf</subfield>
        </datafield>
        <datafield tag="700" ind1="1" ind2=" ">
            <subfield code="a">Horton, Bobby.</subfield>
            <subfield code="4">prf</subfield>
        </datafield>
        <datafield tag="700" ind1="1" ind2=" ">
            <subfield code="a">Ostroushko, Peter.</subfield>
            <subfield code="4">prf</subfield>
        </datafield>
        <datafield tag="700" ind1="1" ind2=" ">
            <subfield code="a">Petteway, Al.</subfield>
            <subfield code="4">prf</subfield>
        </datafield>
        <datafield tag="700" ind1="1" ind2=" ">
            <subfield code="a">Schwab, Jacqueline.</subfield>
            <subfield code="4">prf</subfield>
        </datafield>
        <datafield tag="700" ind1="1" ind2=" ">
            <subfield code="a">Twain, Mark,</subfield>
            <subfield code="d">1835-1910.</subfield>
        </datafield>
        <datafield tag="730" ind1="0" ind2=" ">
            <subfield code="a">Mark Twain (Television program)</subfield>
        </datafield>
    </record>