
    <record>
        <leader>03962cim a2200697 a 4500</leader>
        <controlfield tag="001">17508858</controlfield>
        <controlfield tag="003">LC</controlfield>
        <controlfield tag="005">20130610073459.0</controlfield>
        <controlfield tag="007">sd fsngnnmmned</controlfield>
        <controlfield tag="008">121025s2011    mounnn|  dei   ab | eng d</controlfield>
        <datafield tag="010" ind1=" " ind2=" ">
            <subfield code="a">  2012625239</subfield>
        </datafield>
        <datafield tag="024" ind1="1" ind2=" ">
            <subfield code="a">610696418296</subfield>
        </datafield>
        <datafield tag="028" ind1="0" ind2="2">
            <subfield code="a">610696418296</subfield>
            <subfield code="b">Mark Twain Home Foundation</subfield>
        </datafield>
        <datafield tag="047" ind1=" " ind2=" ">
            <subfield code="a">cy</subfield>
            <subfield code="a">bg</subfield>
        </datafield>
        <datafield tag="245" ind1="0" ind2="0">
            <subfield code="a">Mark Twain</subfield>
            <subfield code="h">[sound recording] :</subfield>
            <subfield code="b">words &amp; music.</subfield>
        </datafield>
        <datafield tag="246" ind1="3" ind2=" ">
            <subfield code="a">Mark Twain, words &amp; music</subfield>
        </datafield>
        <datafield tag="246" ind1="3" ind2=" ">
            <subfield code="a">Words and music</subfield>
        </datafield>
        <datafield tag="246" ind1="3" ind2="0">
            <subfield code="a">Words &amp; music</subfield>
        </datafield>
        <datafield tag="260" ind1=" " ind2=" ">
            <subfield code="a">[Hannibal, Mo.] :</subfield>
            <subfield code="b">Mark Twain Home Foundation,</subfield>
            <subfield code="c">[2011]</subfield>
        </datafield>
        <datafield tag="300" ind1=" " ind2=" ">
            <subfield code="a">2 sound discs :</subfield>
            <subfield code="b">digital ;</subfield>
            <subfield code="c">4 3/4 in.</subfield>
        </datafield>
        <datafield tag="500" ind1=" " ind2=" ">
            <subfield code="a">"A benefit for The Mark Twain Boyhood Home &amp; Museum in Hannibal, Missouri"--Container.</subfield>
        </datafield>
        <datafield tag="500" ind1=" " ind2=" ">
            <subfield code="a">Compact discs.</subfield>
        </datafield>
        <datafield tag="500" ind1=" " ind2=" ">
            <subfield code="a">Notes with narrations and song lyrics ([38] p.) bound in container.</subfield>
        </datafield>
        <datafield tag="500" ind1=" " ind2=" ">
            <subfield code="a">Selected readings of autobiography, biography, and fiction relating the life of Mark Twain, interspersed with corresponding songs.</subfield>
        </datafield>
        <datafield tag="505" ind1="0" ind2="0">
            <subfield code="g">disc 1.</subfield>
            <subfield code="t">"Hello yourself, and see how you like it--"</subfield>
            <subfield code="g">(1:24) --</subfield>
            <subfield code="t">When Halley came to Jackson</subfield>
            <subfield code="r">(Emmylou Harris)</subfield>
            <subfield code="g">(3:11) --</subfield>
            <subfield code="t">"Hannibal, Missouri, where my boyhood was spent--"</subfield>
            <subfield code="g">(6:28) --</subfield>
            <subfield code="t">Better times a' comin'</subfield>
            <subfield code="r">(Doyle Lawson &amp; Quicksilver)</subfield>
            <subfield code="g">(2:37) --</subfield>
            <subfield code="t">"He agreed to teach me the Mississippi River--"</subfield>
            <subfield code="g">(3:44) --</subfield>
            <subfield code="t">Run Mississippi</subfield>
            <subfield code="r">(Rhonda Vincent)</subfield>
            <subfield code="g">(2:59) --</subfield>
            <subfield code="t">"Several years of variegated vagabondizing--"</subfield>
            <subfield code="g">(2:29) --</subfield>
            <subfield code="t">A cowboy in his soul</subfield>
            <subfield code="r">(Bradley Walker)</subfield>
            <subfield code="g">(3:59) --</subfield>
            <subfield code="t">"It liberates the vandal to travel--"</subfield>
            <subfield code="g">(1:51) --</subfield>
            <subfield code="t">Safe water</subfield>
            <subfield code="r">(Carl Jackson)</subfield>
            <subfield code="g">(3:37) --</subfield>
            <subfield code="t">"You ain't ever to love anybody but me--"</subfield>
            <subfield code="g">(2:07) --</subfield>
            <subfield code="t">I wandered by a brookside</subfield>
            <subfield code="r">(the Church Sisters)</subfield>
            <subfield code="g">(3:37) --</subfield>
            <subfield code="t">"It was a mighty nice family--"</subfield>
            <subfield code="g">(3:49) --</subfield>
            <subfield code="t">Beautiful dreamer</subfield>
            <subfield code="r">(Sheryl Crow)</subfield>
            <subfield code="g">(2:06) --</subfield>
        </datafield>
        <datafield tag="505" ind1="0" ind2="0">
            <subfield code="g">disc 2.</subfield>
            <subfield code="t">"Don't scrunch up like that, Huckleberry--"</subfield>
            <subfield code="g">(2:11) -- Huck Finn blues</subfield>
            <subfield code="r">(Brad Paisley)</subfield>
            <subfield code="g">(5:36) --</subfield>
            <subfield code="t">"The crows would gather on the railing and talk about me--"</subfield>
            <subfield code="g">(2:51) --</subfield>
            <subfield code="t">Indian crow</subfield>
            <subfield code="r">(Marty Raybon)</subfield>
            <subfield code="g">(3:39) --</subfield>
            <subfield code="t">"So wounded, so broken-hearted--"</subfield>
            <subfield code="g">(2:31) --</subfield>
            <subfield code="t">Love is on our side</subfield>
            <subfield code="r">(Val Storey)</subfield>
            <subfield code="g">(3:50) --</subfield>
            <subfield code="t">"Wheresoever she was, there was Eden--"</subfield>
            <subfield code="g">(2:18) --</subfield>
            <subfield code="t">I know you by heart</subfield>
            <subfield code="r">(Vince Gill)</subfield>
            <subfield code="g">(3:58) --</subfield>
            <subfield code="t">"My conscience got to stirring me up hotter than ever--"</subfield>
            <subfield code="g">(3:21) --</subfield>
            <subfield code="t">Ink</subfield>
            <subfield code="r">(Joe Diffie)</subfield>
            <subfield code="g">(4:32) --</subfield>
            <subfield code="t">"The report of my death was an exaggeration--"</subfield>
            <subfield code="g">(1:29) --</subfield>
            <subfield code="t">Comet ride</subfield>
            <subfield code="r">(Ricky Skaggs)</subfield>
            <subfield code="g">(2:52) --</subfield>
            <subfield code="t">"The truth, mainly--"</subfield>
            <subfield code="g">(2:03).</subfield>
        </datafield>
        <datafield tag="508" ind1=" " ind2=" ">
            <subfield code="a">Produced by Carl Jackson.</subfield>
        </datafield>
        <datafield tag="511" ind1="0" ind2=" ">
            <subfield code="a">Jimmy Buffett, Clint Eastwood, Angela Lovell, voices ; Garrison Keillor, narrator ; various musical performers.</subfield>
        </datafield>
        <datafield tag="600" ind1="1" ind2="0">
            <subfield code="a">Twain, Mark,</subfield>
            <subfield code="d">1835-1910.</subfield>
        </datafield>
        <datafield tag="700" ind1="1" ind2=" ">
            <subfield code="a">Buffett, Jimmy.</subfield>
        </datafield>
        <datafield tag="700" ind1="1" ind2=" ">
            <subfield code="a">Crow, Sheryl.</subfield>
            <subfield code="4">prf</subfield>
        </datafield>
        <datafield tag="700" ind1="1" ind2=" ">
            <subfield code="a">Diffie, Joe.</subfield>
            <subfield code="4">prf</subfield>
        </datafield>
        <datafield tag="700" ind1="1" ind2=" ">
            <subfield code="a">Eastwood, Clint,</subfield>
            <subfield code="d">1930-</subfield>
        </datafield>
        <datafield tag="700" ind1="1" ind2=" ">
            <subfield code="a">Gill, Vince.</subfield>
            <subfield code="4">prf</subfield>
        </datafield>
        <datafield tag="700" ind1="1" ind2=" ">
            <subfield code="a">Harris, Emmylou.</subfield>
            <subfield code="4">prf</subfield>
        </datafield>
        <datafield tag="700" ind1="1" ind2=" ">
            <subfield code="a">Jackson, Carl</subfield>
            <subfield code="c">(Banjoist)</subfield>
            <subfield code="4">pro</subfield>
            <subfield code="4">prf</subfield>
        </datafield>
        <datafield tag="700" ind1="1" ind2=" ">
            <subfield code="a">Keillor, Garrison.</subfield>
            <subfield code="4">nrt</subfield>
        </datafield>
        <datafield tag="700" ind1="1" ind2=" ">
            <subfield code="a">Lawson, Doyle.</subfield>
            <subfield code="4">prf</subfield>
        </datafield>
        <datafield tag="700" ind1="1" ind2=" ">
            <subfield code="a">Lovell, Angela,</subfield>
            <subfield code="d">1975-</subfield>
        </datafield>
        <datafield tag="700" ind1="1" ind2=" ">
            <subfield code="a">Paisley, Brad.</subfield>
            <subfield code="4">prf</subfield>
        </datafield>
        <datafield tag="700" ind1="1" ind2=" ">
            <subfield code="a">Raybon, Marty.</subfield>
            <subfield code="4">prf</subfield>
        </datafield>
        <datafield tag="700" ind1="1" ind2=" ">
            <subfield code="a">Skaggs, Ricky.</subfield>
            <subfield code="4">prf</subfield>
        </datafield>
        <datafield tag="700" ind1="1" ind2=" ">
            <subfield code="a">Storey, Val.</subfield>
            <subfield code="4">prf</subfield>
        </datafield>
        <datafield tag="700" ind1="1" ind2=" ">
            <subfield code="a">Twain, Mark,</subfield>
            <subfield code="d">1835-1910.</subfield>
        </datafield>
        <datafield tag="700" ind1="1" ind2=" ">
            <subfield code="a">Vincent, Rhonda.</subfield>
            <subfield code="4">prf</subfield>
        </datafield>
        <datafield tag="700" ind1="1" ind2=" ">
            <subfield code="a">Walker, Bradley,</subfield>
            <subfield code="d">1978-</subfield>
            <subfield code="4">prf</subfield>
        </datafield>
        <datafield tag="710" ind1="2" ind2=" ">
            <subfield code="a">Church Sisters.</subfield>
            <subfield code="4">prf</subfield>
        </datafield>
        <datafield tag="710" ind1="2" ind2=" ">
            <subfield code="a">Quicksilver (Musical group)</subfield>
            <subfield code="4">prf</subfield>
        </datafield>
    </record>