
    <record>
        <leader>01504cam a2200325 a 4500</leader>
        <controlfield tag="001">14739493</controlfield>
        <controlfield tag="003">LC</controlfield>
        <controlfield tag="005">20070827160423.0</controlfield>
        <controlfield tag="008">070220s2006    ctua     b    000 0deng d</controlfield>
        <datafield tag="010" ind1=" " ind2=" ">
            <subfield code="a">  2007295712</subfield>
        </datafield>
        <datafield tag="043" ind1=" " ind2=" ">
            <subfield code="a">e-uk-en</subfield>
        </datafield>
        <datafield tag="082" ind1="0" ind2="0">
            <subfield code="a">818/.403</subfield>
            <subfield code="a">B</subfield>
            <subfield code="2">22</subfield>
        </datafield>
        <datafield tag="245" ind1="0" ind2="0">
            <subfield code="a">Mark Twain's four weeks in England, 1907 :</subfield>
            <subfield code="b">a chronicle of Samuel Langhorne Clemens's English visit during June and July of 1907, centering upon his being the recipient of an honorary Doctor of Letters degree from Oxford University /</subfield>
            <subfield code="c">edited by Edward Connery Lathem.</subfield>
        </datafield>
        <datafield tag="260" ind1=" " ind2=" ">
            <subfield code="a">Hartford, Conn. :</subfield>
            <subfield code="b">Mark Twain House &amp; Museum,</subfield>
            <subfield code="c">2006.</subfield>
        </datafield>
        <datafield tag="300" ind1=" " ind2=" ">
            <subfield code="a">xii, 226 p. :</subfield>
            <subfield code="b">ill. ;</subfield>
            <subfield code="c">27 cm.</subfield>
        </datafield>
        <datafield tag="500" ind1=" " ind2=" ">
            <subfield code="a">Contains autobiographical accounts from Twain, contemporary newspaper articles, etc.</subfield>
        </datafield>
        <datafield tag="504" ind1=" " ind2=" ">
            <subfield code="a">Includes bibliographical references.</subfield>
        </datafield>
        <datafield tag="600" ind1="1" ind2="0">
            <subfield code="a">Twain, Mark,</subfield>
            <subfield code="d">1835-1910</subfield>
            <subfield code="x">Travel</subfield>
            <subfield code="z">England.</subfield>
        </datafield>
        <datafield tag="700" ind1="1" ind2=" ">
            <subfield code="a">Lathem, Edward Connery.</subfield>
        </datafield>
        <datafield tag="700" ind1="1" ind2=" ">
            <subfield code="a">Twain, Mark,</subfield>
            <subfield code="d">1835-1910.</subfield>
        </datafield>
        <datafield tag="710" ind1="2" ind2=" ">
            <subfield code="a">Mark Twain House &amp; Museum (Hartford, Conn.)</subfield>
        </datafield>
    </record>