
    <record>
        <leader>02174cam a2200517 a 4500</leader>
        <controlfield tag="001">1694329</controlfield>
        <controlfield tag="003">LC</controlfield>
        <controlfield tag="005">20191016184215.0</controlfield>
        <controlfield tag="008">940729s1888    nyua          001 1 eng  </controlfield>
        <datafield tag="010" ind1=" " ind2=" ">
            <subfield code="a">   60055719 </subfield>
        </datafield>
        <datafield tag="043" ind1=" " ind2=" ">
            <subfield code="a">n-us---</subfield>
        </datafield>
        <datafield tag="051" ind1=" " ind2=" ">
            <subfield code="a">PN6157</subfield>
            <subfield code="b">.C5 1888 Copy 2</subfield>
            <subfield code="c">Copy 2. Page 8 in 1st state. Gift of Frances R. Friedman, June 15, 1992.</subfield>
        </datafield>
        <datafield tag="051" ind1=" " ind2=" ">
            <subfield code="a">PN6157</subfield>
            <subfield code="b">.C5 1888b</subfield>
            <subfield code="c">Another issue. In half-morocco binding. Page 8 in 1st state. Gift of Frances R. Friedman, June 15, 1992.</subfield>
        </datafield>
        <datafield tag="245" ind1="0" ind2="0">
            <subfield code="a">Mark Twain's library of humor /</subfield>
            <subfield code="c">illustrated by E.W. Kemble.</subfield>
        </datafield>
        <datafield tag="260" ind1=" " ind2=" ">
            <subfield code="a">New York :</subfield>
            <subfield code="b">Charles L. Webster &amp; Co.,</subfield>
            <subfield code="c">1888.</subfield>
        </datafield>
        <datafield tag="300" ind1=" " ind2=" ">
            <subfield code="a">xxiv, 707 p. :</subfield>
            <subfield code="b">ill. ;</subfield>
            <subfield code="c">24 cm.</subfield>
        </datafield>
        <datafield tag="500" ind1=" " ind2=" ">
            <subfield code="a">"Issued in cloth; and several styles of leather"--BAL 1982. This is the cloth-bound issue.</subfield>
        </datafield>
        <datafield tag="500" ind1=" " ind2=" ">
            <subfield code="a">BAL 1982 notes 2 states of p.8, the 1st crediting "Warm hair" to Mark Twain, the 2nd eliminating the credit.</subfield>
        </datafield>
        <datafield tag="500" ind1=" " ind2=" ">
            <subfield code="a">Compiled by Twain, William Dean Howells, and Charles Hopkins Clark.</subfield>
        </datafield>
        <datafield tag="500" ind1=" " ind2=" ">
            <subfield code="a">Includes index.</subfield>
        </datafield>
        <datafield tag="500" ind1=" " ind2=" ">
            <subfield code="a">LC copy has p. 8 in 1st state.</subfield>
            <subfield code="5">DLC</subfield>
        </datafield>
        <datafield tag="500" ind1=" " ind2=" ">
            <subfield code="a">Source: Copyright deposit, May 15, 1888.</subfield>
            <subfield code="5">DLC</subfield>
        </datafield>
        <datafield tag="510" ind1="4" ind2=" ">
            <subfield code="a">BAL</subfield>
            <subfield code="c">1982</subfield>
        </datafield>
        <datafield tag="510" ind1="4" ind2=" ">
            <subfield code="a">BAL</subfield>
            <subfield code="c">3425</subfield>
        </datafield>
        <datafield tag="700" ind1="1" ind2=" ">
            <subfield code="a">Clark, Charles Hopkins,</subfield>
            <subfield code="d">1848-1926.</subfield>
        </datafield>
        <datafield tag="700" ind1="1" ind2=" ">
            <subfield code="a">Howells, William Dean,</subfield>
            <subfield code="d">1837-1920.</subfield>
        </datafield>
        <datafield tag="700" ind1="1" ind2=" ">
            <subfield code="a">Kemble, E. W.</subfield>
            <subfield code="q">(Edward Windsor),</subfield>
            <subfield code="d">1861-1933.</subfield>
        </datafield>
        <datafield tag="700" ind1="1" ind2=" ">
            <subfield code="a">Twain, Mark,</subfield>
            <subfield code="d">1835-1910.</subfield>
        </datafield>
        <datafield tag="710" ind1="2" ind2=" ">
            <subfield code="a">Roy J. Friedman Mark Twain Collection (Library of Congress)</subfield>
            <subfield code="5">DLC</subfield>
        </datafield>
        <datafield tag="740" ind1="0" ind2=" ">
            <subfield code="a">Library of humor.</subfield>
        </datafield>
    </record>