
    <record>
        <leader>01285cam a2200325 a 4500</leader>
        <controlfield tag="001">14936002</controlfield>
        <controlfield tag="003">LC</controlfield>
        <controlfield tag="005">20100913150153.0</controlfield>
        <controlfield tag="008">850521s1888    quca          000 0 eng d</controlfield>
        <datafield tag="010" ind1=" " ind2=" ">
            <subfield code="a">  2010479782</subfield>
        </datafield>
        <datafield tag="245" ind1="0" ind2="0">
            <subfield code="a">Mark Twain's library of humor /</subfield>
            <subfield code="c">Illustrated by E.W. Kemble.</subfield>
        </datafield>
        <datafield tag="246" ind1="3" ind2="0">
            <subfield code="a">Library of humor</subfield>
        </datafield>
        <datafield tag="250" ind1=" " ind2=" ">
            <subfield code="a">Canadian copyright edition.</subfield>
        </datafield>
        <datafield tag="260" ind1=" " ind2=" ">
            <subfield code="a">Montreal :</subfield>
            <subfield code="b">Dawson Brothers, publishers,</subfield>
            <subfield code="c">1888.</subfield>
        </datafield>
        <datafield tag="300" ind1=" " ind2=" ">
            <subfield code="a">xxiv, 707, [1] p. :</subfield>
            <subfield code="b">ill. ;</subfield>
            <subfield code="c">24 cm.</subfield>
        </datafield>
        <datafield tag="500" ind1=" " ind2=" ">
            <subfield code="a">In original publisher's binding: green cloth over boards, title, author, illustrator, and publisher gold-stamped on spine.</subfield>
        </datafield>
        <datafield tag="510" ind1="4" ind2=" ">
            <subfield code="a">Rodney, R.M.  Mark Twain international,</subfield>
            <subfield code="c">p. 49</subfield>
        </datafield>
        <datafield tag="700" ind1="1" ind2=" ">
            <subfield code="a">Kemble, E. W.</subfield>
            <subfield code="q">(Edward Windsor),</subfield>
            <subfield code="d">1861-1933,</subfield>
            <subfield code="e">ill.</subfield>
        </datafield>
        <datafield tag="700" ind1="1" ind2=" ">
            <subfield code="a">Twain, Mark,</subfield>
            <subfield code="d">1835-1910.</subfield>
        </datafield>
        <datafield tag="710" ind1="2" ind2=" ">
            <subfield code="a">Dawson Brothers,</subfield>
            <subfield code="e">publisher.</subfield>
        </datafield>
    </record>