
    <record>
        <leader>02851cim a2200421 a 4500</leader>
        <controlfield tag="001">14881307</controlfield>
        <controlfield tag="003">LC</controlfield>
        <controlfield tag="005">20070822073828.0</controlfield>
        <controlfield tag="007">ss lunjlcmpncu</controlfield>
        <controlfield tag="008">961113s1996    caunnn         f    eng d</controlfield>
        <datafield tag="010" ind1=" " ind2=" ">
            <subfield code="a">  2007650083</subfield>
        </datafield>
        <datafield tag="020" ind1=" " ind2=" ">
            <subfield code="a">1572700270</subfield>
        </datafield>
        <datafield tag="028" ind1="0" ind2="2">
            <subfield code="a">41027</subfield>
            <subfield code="b">Audio Partners Publishing Corp.</subfield>
        </datafield>
        <datafield tag="043" ind1=" " ind2=" ">
            <subfield code="a">n-us---</subfield>
        </datafield>
        <datafield tag="245" ind1="0" ind2="0">
            <subfield code="a">Mark Twain's library of humor</subfield>
            <subfield code="h">[sound recording].</subfield>
        </datafield>
        <datafield tag="246" ind1="3" ind2="0">
            <subfield code="a">Library of humor</subfield>
        </datafield>
        <datafield tag="260" ind1=" " ind2=" ">
            <subfield code="a">Auburn, CA :</subfield>
            <subfield code="b">Audio Partners Pub. Corp.,</subfield>
            <subfield code="c">p1996.</subfield>
        </datafield>
        <datafield tag="300" ind1=" " ind2=" ">
            <subfield code="a">4 sound cassettes (6 hr.) :</subfield>
            <subfield code="b">analog, stereo., Dolby processed.</subfield>
        </datafield>
        <datafield tag="500" ind1=" " ind2=" ">
            <subfield code="a">"27 complete stories by 15 favorite 19th century authors, selected by Mr. Twain himself"--Container.</subfield>
        </datafield>
        <datafield tag="505" ind1="0" ind2=" ">
            <subfield code="a">The jumping frog / Mark Twain -- A fight with a trout / Charles Dudley Warner -- How we astonished the Rivermouthians / Thomas Bailey Aldrich -- His first day at editing / Eugene Field -- Abelard and Heloise / Mark Twain -- Trying to understand a woman / William D. Howells -- The female base ball nine / James M. Bailey -- The tar baby / Joel Chandler Harris -- The haunted room / Robert J. Burdette -- A restless night / Mark Twain -- European diet / Mark Twain -- The first piano in a mining camp / Sam Davis -- Plumbers / Charles Dudley Warner -- Experience of the McWilliamses with membraneous croup / Mark Twain -- Love's young dream / William D. Howells -- Kitty answers / William D. Howells -- Fourth of July oration / Artemus Ward -- The parson's horse race / Harriet Beecher Stowe -- Wrecked in port / Robert J. Burdette -- Captain Ben's choice / Francis Lee Pratt -- A visit to the asylum for aged &amp; decayed punsters / Oliver Wendell Holmes -- Getting a glass of water / Frederick W. Cozzens -- The total depravity of inanimate things / Katherine Kent Child Walker -- Our Italian guide / Mark Twain -- Pie / Charles Dudley Warner -- Mr. Rabbit grossly deceives Mr. Fox / Joel Chandler Harris -- How I edited an agricultural paper / Mark Twain.</subfield>
        </datafield>
        <datafield tag="511" ind1="0" ind2=" ">
            <subfield code="a">Read by Marni Webb, Richard Russ, Rich Nicholas, and Marsh McCandless.</subfield>
        </datafield>
        <datafield tag="700" ind1="1" ind2=" ">
            <subfield code="a">McCandless, Marsh.</subfield>
            <subfield code="4">prf</subfield>
        </datafield>
        <datafield tag="700" ind1="1" ind2=" ">
            <subfield code="a">Nicholas, Rich.</subfield>
            <subfield code="4">prf</subfield>
        </datafield>
        <datafield tag="700" ind1="1" ind2=" ">
            <subfield code="a">Russ, Richard.</subfield>
            <subfield code="4">prf</subfield>
        </datafield>
        <datafield tag="700" ind1="1" ind2=" ">
            <subfield code="a">Twain, Mark,</subfield>
            <subfield code="d">1835-1910.</subfield>
        </datafield>
        <datafield tag="700" ind1="1" ind2=" ">
            <subfield code="a">Webb, Marni.</subfield>
            <subfield code="4">prf</subfield>
        </datafield>
    </record>