
    <record>
        <leader>03475cam a2200601 a 4500</leader>
        <controlfield tag="001">3579179</controlfield>
        <controlfield tag="003">LC</controlfield>
        <controlfield tag="005">20210804160915.0</controlfield>
        <controlfield tag="007">cr_|||||||||||</controlfield>
        <controlfield tag="008">930630s1893    nyuab         000 0 eng  </controlfield>
        <datafield tag="010" ind1=" " ind2=" ">
            <subfield code="a">   01014180 </subfield>
        </datafield>
        <datafield tag="043" ind1=" " ind2=" ">
            <subfield code="a">n-us-ny</subfield>
            <subfield code="a">n-cn-on</subfield>
        </datafield>
        <datafield tag="051" ind1=" " ind2=" ">
            <subfield code="a">F127.N8</subfield>
            <subfield code="b">N59 Copy 3</subfield>
            <subfield code="c">Cloth binding. Inscribed: Dr. O.W. Holmes, with kind regards, Coleman Sellers, Phil., Dec. 12, 93. Photo port. signed Coleman Sellers, one of the authors, tipped in. Source: Bequest of O.W. Holmes, 1935.</subfield>
        </datafield>
        <datafield tag="051" ind1=" " ind2=" ">
            <subfield code="a">F127.N8</subfield>
            <subfield code="b">N59 Copy 4</subfield>
            <subfield code="c">First printing. Cloth binding. Source: Gift of Frances R. Friedman, June 15, 1992.</subfield>
        </datafield>
        <datafield tag="051" ind1=" " ind2=" ">
            <subfield code="a">F127.N8</subfield>
            <subfield code="b">N59 Copy 5</subfield>
            <subfield code="c">Third printing. Printed wrapper. Source: Gift of Frances R. Friedman, June 15, 1992.</subfield>
        </datafield>
        <datafield tag="245" ind1="0" ind2="4">
            <subfield code="a">The Niagara book :</subfield>
            <subfield code="b">a complete souvenir of Niagara Falls : containing sketches, stories and essays--descriptive, humorous, historical and scientific /</subfield>
            <subfield code="c">written exclusively for this book by W.D. Howells, Mark Twain, Nathaniel S. Shaler, and others ; fully illustrated by Harry Fenn.</subfield>
        </datafield>
        <datafield tag="260" ind1=" " ind2=" ">
            <subfield code="a">Buffalo :</subfield>
            <subfield code="b">Underhill and Nichols,</subfield>
            <subfield code="c">1893.</subfield>
        </datafield>
        <datafield tag="300" ind1=" " ind2=" ">
            <subfield code="a">225 p., [8] leaves of ptates :</subfield>
            <subfield code="b">ill., maps ;</subfield>
            <subfield code="c">18 cm.</subfield>
        </datafield>
        <datafield tag="500" ind1=" " ind2=" ">
            <subfield code="a">"Extracts from Adam's diary translated from the original ms. by Mark Twain": p. [93]-109.</subfield>
        </datafield>
        <datafield tag="500" ind1=" " ind2=" ">
            <subfield code="a">In printed wrapper or bound in cloth.</subfield>
        </datafield>
        <datafield tag="510" ind1="4" ind2=" ">
            <subfield code="a">BAL</subfield>
            <subfield code="c">3437</subfield>
        </datafield>
        <datafield tag="530" ind1=" " ind2=" ">
            <subfield code="a">Also available in digital form.</subfield>
        </datafield>
        <datafield tag="600" ind1="0" ind2="0">
            <subfield code="a">Adam</subfield>
            <subfield code="c">(Biblical figure)</subfield>
            <subfield code="v">Fiction.</subfield>
        </datafield>
        <datafield tag="700" ind1="1" ind2=" ">
            <subfield code="a">Fenn, Harry,</subfield>
            <subfield code="d">1838-1911.</subfield>
        </datafield>
        <datafield tag="700" ind1="1" ind2=" ">
            <subfield code="a">Twain, Mark,</subfield>
            <subfield code="d">1835-1910.</subfield>
            <subfield code="t">Extracts from Adam's diary.</subfield>
            <subfield code="f">1893.</subfield>
        </datafield>
        <datafield tag="710" ind1="2" ind2=" ">
            <subfield code="a">Oliver Wendell Holmes Collection (Library of Congress)</subfield>
            <subfield code="5">DLC</subfield>
        </datafield>
        <datafield tag="710" ind1="2" ind2=" ">
            <subfield code="a">Roy J. Friedman Mark Twain Collection (Library of Congress)</subfield>
            <subfield code="5">DLC</subfield>
        </datafield>
    </record>