
    <record>
        <leader>01698cam a2200421 a 4500</leader>
        <controlfield tag="001">4423118</controlfield>
        <controlfield tag="003">LC</controlfield>
        <controlfield tag="005">20200729083056.0</controlfield>
        <controlfield tag="007">cr_|||||||||||</controlfield>
        <controlfield tag="008">930622s1901    nyuabf        001 0 eng  </controlfield>
        <datafield tag="010" ind1=" " ind2=" ">
            <subfield code="a">   93169533 </subfield>
        </datafield>
        <datafield tag="043" ind1=" " ind2=" ">
            <subfield code="a">n-us-ny</subfield>
            <subfield code="a">n-cn-on</subfield>
        </datafield>
        <datafield tag="245" ind1="0" ind2="4">
            <subfield code="a">The Niagara book /</subfield>
            <subfield code="c">by W.D. Howells, Mark Twain, Nathaniel S. Shaler, and others.</subfield>
        </datafield>
        <datafield tag="250" ind1=" " ind2=" ">
            <subfield code="a">New and rev. ed.</subfield>
        </datafield>
        <datafield tag="260" ind1=" " ind2=" ">
            <subfield code="a">New York :</subfield>
            <subfield code="b">Doubleday, Page,</subfield>
            <subfield code="c">1901.</subfield>
        </datafield>
        <datafield tag="300" ind1=" " ind2=" ">
            <subfield code="a">viii, 353 p., [32] leaves of plates :</subfield>
            <subfield code="b">ill., maps ;</subfield>
            <subfield code="c">21 cm.</subfield>
        </datafield>
        <datafield tag="500" ind1=" " ind2=" ">
            <subfield code="a">"First authentic mention of N.F." by Mark Twain (p. 215-235) was issued separately in 1904 under title: Extracts from Adam's diary. Cf. BAL 3437, 3480.</subfield>
        </datafield>
        <datafield tag="500" ind1=" " ind2=" ">
            <subfield code="a">First published in 1893.</subfield>
        </datafield>
        <datafield tag="500" ind1=" " ind2=" ">
            <subfield code="a">Includes index.</subfield>
        </datafield>
        <datafield tag="530" ind1=" " ind2=" ">
            <subfield code="a">Also available in digital form.</subfield>
        </datafield>
        <datafield tag="561" ind1=" " ind2=" ">
            <subfield code="a">LC copy: Source: Gift of Frances R. Friedman, June 15, 1992.</subfield>
            <subfield code="5">DLC</subfield>
        </datafield>
        <datafield tag="700" ind1="1" ind2=" ">
            <subfield code="a">Howells, William Dean,</subfield>
            <subfield code="d">1837-1920.</subfield>
        </datafield>
        <datafield tag="700" ind1="1" ind2=" ">
            <subfield code="a">Twain, Mark,</subfield>
            <subfield code="d">1835-1910.</subfield>
            <subfield code="t">Extracts from Adam's diary.</subfield>
            <subfield code="f">190l.</subfield>
        </datafield>
        <datafield tag="710" ind1="2" ind2=" ">
            <subfield code="a">Roy J. Friedman Mark Twain Collection (Library of Congress)</subfield>
            <subfield code="5">DLC</subfield>
        </datafield>
    </record>