
    <record>
        <leader>02016ckm a22004217a 4500</leader>
        <controlfield tag="001">11783852</controlfield>
        <controlfield tag="003">LC</controlfield>
        <controlfield tag="005">20150724150323.0</controlfield>
        <controlfield tag="007">kj|co </controlfield>
        <controlfield tag="008">990901s1949    enknnn       |    kneng  </controlfield>
        <datafield tag="010" ind1=" " ind2=" ">
            <subfield code="a">   99471606 </subfield>
        </datafield>
        <datafield tag="037" ind1=" " ind2=" ">
            <subfield code="a">LC-USZC4-7179</subfield>
            <subfield code="b">DLC</subfield>
            <subfield code="c">(color film copy transparency)</subfield>
        </datafield>
        <datafield tag="245" ind1="0" ind2="0">
            <subfield code="a">Paramount presents Bing Crosby, Rhonda Fleming, William Bendix [and] Sir Cedric Hardwicke in Mark Twain's "A Yankee in King Arthur's Court"</subfield>
            <subfield code="h">[graphic].</subfield>
        </datafield>
        <datafield tag="260" ind1=" " ind2=" ">
            <subfield code="c">[1949]</subfield>
            <subfield code="e">(Bradford, England :</subfield>
            <subfield code="f">Printed by W.E. Berry, Ltd)</subfield>
        </datafield>
        <datafield tag="300" ind1=" " ind2=" ">
            <subfield code="a">1 print (poster) :</subfield>
            <subfield code="b">chromolithograph.</subfield>
        </datafield>
        <datafield tag="500" ind1=" " ind2=" ">
            <subfield code="a">Also starring: Murvyn Vye, Virginia Field, and Henry Wilcoxon.</subfield>
        </datafield>
        <datafield tag="500" ind1=" " ind2=" ">
            <subfield code="a">Credits: Produced by Robert Fellows ; directed by Tay Garnett ; screen play by Edmund Berloin ; color by Technicolor.</subfield>
        </datafield>
        <datafield tag="500" ind1=" " ind2=" ">
            <subfield code="a">Distributed by Paramount Film Service, Ltd.</subfield>
        </datafield>
        <datafield tag="500" ind1=" " ind2=" ">
            <subfield code="a">Promotional goal: Gt. Brit. K80. 1949.</subfield>
        </datafield>
        <datafield tag="520" ind1="0" ind2=" ">
            <subfield code="a">Motion picture poster for "A Yankee in King Arthur's Court" showing bust portrait of Bing Crosby and Rhonda Fleming set against a backdrop of sheet music.</subfield>
        </datafield>
        <datafield tag="600" ind1="1" ind2="4">
            <subfield code="a">Crosby, Bing,</subfield>
            <subfield code="d">1903-1977</subfield>
            <subfield code="x">Performances.</subfield>
        </datafield>
        <datafield tag="600" ind1="1" ind2="4">
            <subfield code="a">Fleming, Rhonda,</subfield>
            <subfield code="d">1923-</subfield>
            <subfield code="x">Performances.</subfield>
        </datafield>
        <datafield tag="700" ind1="1" ind2=" ">
            <subfield code="a">Twain, Mark,</subfield>
            <subfield code="d">1835-1910.</subfield>
            <subfield code="t">Connecticut Yankee in King Arthur's court.</subfield>
        </datafield>
    </record>