
    <record>
        <leader>01509cam a2200325 a 4500</leader>
        <controlfield tag="001">666147</controlfield>
        <controlfield tag="003">LC</controlfield>
        <controlfield tag="005">20200108122121.0</controlfield>
        <controlfield tag="008">941208s1896    nyu           000 0 eng  </controlfield>
        <datafield tag="010" ind1=" " ind2=" ">
            <subfield code="a">   94236418 </subfield>
        </datafield>
        <datafield tag="245" ind1="0" ind2="0">
            <subfield code="a">[Photographs of suppressed proofs from the first American edition of The adventures of Huckleberry Finn /</subfield>
            <subfield code="c">Peter A. Juley &amp; Son]</subfield>
        </datafield>
        <datafield tag="260" ind1=" " ind2=" ">
            <subfield code="c">[not before 1896]</subfield>
        </datafield>
        <datafield tag="300" ind1=" " ind2=" ">
            <subfield code="a">3 photographs ;</subfield>
            <subfield code="b">b&amp;w ;</subfield>
            <subfield code="c">24 x 17 cm.</subfield>
        </datafield>
        <datafield tag="500" ind1=" " ind2=" ">
            <subfield code="a">Photographs of the proofs of p. 283-[284] and of the blank envelope of J.J. Little &amp; Co., which held the proofs.  Page 283 is in BAL 3415's 2nd state, characterized by a defaced and ribald engraving. The envelope, labeled in ms., reads: 30,000 copies of this book was [sic] printed before the defect was discovered.</subfield>
        </datafield>
        <datafield tag="500" ind1=" " ind2=" ">
            <subfield code="a">Source: Gift of Frances R. Friedman, June 15, 1992.</subfield>
            <subfield code="5">DLC</subfield>
        </datafield>
        <datafield tag="600" ind1="1" ind2="0">
            <subfield code="a">Twain, Mark,</subfield>
            <subfield code="d">1835-1910.</subfield>
            <subfield code="t">Adventures of Huckleberry Finn.</subfield>
        </datafield>
        <datafield tag="700" ind1="1" ind2=" ">
            <subfield code="a">Twain, Mark,</subfield>
            <subfield code="d">1835-1910.</subfield>
            <subfield code="t">Adventures of Huckleberry Finn.</subfield>
        </datafield>
        <datafield tag="710" ind1="2" ind2=" ">
            <subfield code="a">Peter A. Juley &amp; Son.</subfield>
        </datafield>
        <datafield tag="710" ind1="2" ind2=" ">
            <subfield code="a">Roy J. Friedman Mark Twain Collection (Library of Congress)</subfield>
            <subfield code="5">DLC</subfield>
        </datafield>
    </record>