
    <record>
        <leader>01159cam a22003011a 4500</leader>
        <controlfield tag="001">5893646</controlfield>
        <controlfield tag="003">LC</controlfield>
        <controlfield tag="005">20190104101507.0</controlfield>
        <controlfield tag="008">871026s1881    nyu           000 0 eng  </controlfield>
        <datafield tag="010" ind1=" " ind2=" ">
            <subfield code="a">   13019408 </subfield>
        </datafield>
        <datafield tag="245" ind1="0" ind2="0">
            <subfield code="a">Prescott's drawing-room recitations :</subfield>
            <subfield code="b">containing a great number of tragic, comic and dialectic pieces /</subfield>
            <subfield code="c">carefully chosen, as being peculiarly well adapted for reciting before select audiences in refined domestic circles.</subfield>
        </datafield>
        <datafield tag="260" ind1=" " ind2=" ">
            <subfield code="a">New York :</subfield>
            <subfield code="b">De Witt,</subfield>
            <subfield code="c">c1881.</subfield>
        </datafield>
        <datafield tag="300" ind1=" " ind2=" ">
            <subfield code="a">192 p. ;</subfield>
            <subfield code="c">17 cm.</subfield>
        </datafield>
        <datafield tag="490" ind1="0" ind2=" ">
            <subfield code="a">The De Witt series ;</subfield>
            <subfield code="v">v.1, n.44</subfield>
        </datafield>
        <datafield tag="500" ind1=" " ind2=" ">
            <subfield code="a">First appearance in print of Mark Twain's How to cure a cold.</subfield>
        </datafield>
        <datafield tag="530" ind1=" " ind2=" ">
            <subfield code="a">Also available in digital form.</subfield>
        </datafield>
        <datafield tag="700" ind1="1" ind2=" ">
            <subfield code="a">Twain, Mark,</subfield>
            <subfield code="d">1835-1910.</subfield>
            <subfield code="t">How to cure a cold.</subfield>
        </datafield>
    </record>