
    <record>
        <leader>04271cgm a22009017a 4500</leader>
        <controlfield tag="001">17813315</controlfield>
        <controlfield tag="003">LC</controlfield>
        <controlfield tag="005">20171017094749.0</controlfield>
        <controlfield tag="007">vd cvaizq</controlfield>
        <controlfield tag="008">130716s2009    xxu054 j          maeng  </controlfield>
        <datafield tag="010" ind1=" " ind2=" ">
            <subfield code="a">  2013605395</subfield>
        </datafield>
        <datafield tag="017" ind1=" " ind2=" ">
            <subfield code="a">PA0001633054</subfield>
            <subfield code="b">U.S. Copyright Office</subfield>
        </datafield>
        <datafield tag="020" ind1=" " ind2=" ">
            <subfield code="a">078889529X</subfield>
        </datafield>
        <datafield tag="024" ind1="1" ind2=" ">
            <subfield code="a">786936789287</subfield>
        </datafield>
        <datafield tag="028" ind1="4" ind2="2">
            <subfield code="a">101268</subfield>
            <subfield code="b">Walt Disney Studios Home Entertainment</subfield>
        </datafield>
        <datafield tag="041" ind1="1" ind2=" ">
            <subfield code="a">eng</subfield>
            <subfield code="h">eng</subfield>
            <subfield code="j">eng</subfield>
            <subfield code="j">fre</subfield>
            <subfield code="j">spa</subfield>
        </datafield>
        <datafield tag="245" ind1="0" ind2="4">
            <subfield code="a">The prince &amp; the pauper /</subfield>
            <subfield code="c">Walt Disney Productions.</subfield>
        </datafield>
        <datafield tag="246" ind1="3" ind2=" ">
            <subfield code="a">Prince and the pauper</subfield>
        </datafield>
        <datafield tag="257" ind1=" " ind2=" ">
            <subfield code="a">United States.</subfield>
        </datafield>
        <datafield tag="260" ind1=" " ind2=" ">
            <subfield code="a">Burbank, CA :</subfield>
            <subfield code="b">Distributed by Buena Vista Home Entertainment,</subfield>
            <subfield code="c">[2009]</subfield>
        </datafield>
        <datafield tag="300" ind1=" " ind2=" ">
            <subfield code="3">viewing copy</subfield>
            <subfield code="a">1 videodisc (ca. 54 min.) :</subfield>
            <subfield code="b">sd., col. ;</subfield>
            <subfield code="c">4 3/4 in.</subfield>
        </datafield>
        <datafield tag="490" ind1="0" ind2=" ">
            <subfield code="a">Disney DVD</subfield>
        </datafield>
        <datafield tag="490" ind1="0" ind2=" ">
            <subfield code="a">Silly symphony</subfield>
        </datafield>
        <datafield tag="490" ind1="0" ind2=" ">
            <subfield code="a">Walt Disney animation collection ;</subfield>
            <subfield code="v">v. 3</subfield>
        </datafield>
        <datafield tag="500" ind1=" " ind2=" ">
            <subfield code="a">"Walt Disney classic short films"--Container.</subfield>
        </datafield>
        <datafield tag="500" ind1=" " ind2=" ">
            <subfield code="a">Dual-layer format.</subfield>
        </datafield>
        <datafield tag="505" ind1="0" ind2=" ">
            <subfield code="a">Prince and the pauper / directed by George Scribner ; producer, Dan Rounds ; inspired by Mark Twain's "The prince and the pauper" -- The pied piper -- Old King Cole -- Ye olden days -- A knight for a day / direction, Jack Hannah ; story, Bill Peet.</subfield>
        </datafield>
        <datafield tag="508" ind1=" " ind2=" ">
            <subfield code="a">Prince and the pauper: art director, Thom Enriquez ; supervising animators, Andreas Deja, Dale L. Baer ; original score by Nicholas Pike ; editor, H. Lee Peterson. Knight for a day: animation, Hugh Fraser, Judge Whitaker, Eric Larson, John Reed ; music, Oliver Wallace.</subfield>
        </datafield>
        <datafield tag="511" ind1="0" ind2=" ">
            <subfield code="a">Prince and the pauper: Wayne Allwine, Bill Farmer, Arthur Burghardt, Tony Anselmo, Charlie Adler, Frank Welker, Elvia Allman ; narrator, Roy Dotrice.</subfield>
        </datafield>
        <datafield tag="520" ind1=" " ind2=" ">
            <subfield code="a">In a faraway kingdom, two boys who look exactly the same meet by chance and decide to switch places. Mickey is a pauper who dreams about a life of luxury; the Crown Prince who wishes he could be as free as his subjects. Each boy faces extraordinary challenges in his new role, and together they must figure out how to save the kingdom from an evil Captain who wants the throne for himself. Includes 4 other Disney animated films.</subfield>
        </datafield>
        <datafield tag="521" ind1="8" ind2=" ">
            <subfield code="a">G.</subfield>
        </datafield>
        <datafield tag="538" ind1=" " ind2=" ">
            <subfield code="a">DVD; region 1; NTSC; full screen (1.33:1); Dolby Digital surround, digitally mastered.</subfield>
        </datafield>
        <datafield tag="546" ind1=" " ind2=" ">
            <subfield code="a">English dialogue; English, French or Spanish subtitles; English subtitles for the deaf and hard of hearing.</subfield>
        </datafield>
        <datafield tag="600" ind1="1" ind2="0">
            <subfield code="a">Mouse, Mickey</subfield>
            <subfield code="c">(Fictitious character)</subfield>
            <subfield code="v">Juvenile drama.</subfield>
        </datafield>
        <datafield tag="700" ind1="1" ind2=" ">
            <subfield code="a">Adler, Charlie,</subfield>
            <subfield code="d">1956-</subfield>
        </datafield>
        <datafield tag="700" ind1="1" ind2=" ">
            <subfield code="a">Allman, Elvia.</subfield>
        </datafield>
        <datafield tag="700" ind1="1" ind2=" ">
            <subfield code="a">Allwine, Wayne,</subfield>
            <subfield code="d">1947-2009.</subfield>
        </datafield>
        <datafield tag="700" ind1="1" ind2=" ">
            <subfield code="a">Anselmo, Tony.</subfield>
        </datafield>
        <datafield tag="700" ind1="1" ind2=" ">
            <subfield code="a">Burghardt, Arthur.</subfield>
        </datafield>
        <datafield tag="700" ind1="1" ind2=" ">
            <subfield code="a">Deja, Andreas,</subfield>
            <subfield code="d">1957-</subfield>
        </datafield>
        <datafield tag="700" ind1="1" ind2=" ">
            <subfield code="a">Dotrice, Roy,</subfield>
            <subfield code="d">1923-2017.</subfield>
        </datafield>
        <datafield tag="700" ind1="1" ind2=" ">
            <subfield code="a">Farmer, Bill,</subfield>
            <subfield code="d">1952-</subfield>
        </datafield>
        <datafield tag="700" ind1="1" ind2=" ">
            <subfield code="a">Fraser, Hugh.</subfield>
        </datafield>
        <datafield tag="700" ind1="1" ind2=" ">
            <subfield code="a">Hannah, Jack,</subfield>
            <subfield code="d">1913-1994.</subfield>
        </datafield>
        <datafield tag="700" ind1="1" ind2=" ">
            <subfield code="a">Larson, Eric,</subfield>
            <subfield code="d">1905-1988.</subfield>
        </datafield>
        <datafield tag="700" ind1="1" ind2=" ">
            <subfield code="a">Peet, Bill.</subfield>
        </datafield>
        <datafield tag="700" ind1="1" ind2=" ">
            <subfield code="a">Pike, Nicholas.</subfield>
        </datafield>
        <datafield tag="700" ind1="1" ind2=" ">
            <subfield code="a">Reed, John.</subfield>
        </datafield>
        <datafield tag="700" ind1="1" ind2=" ">
            <subfield code="a">Rounds, Dan.</subfield>
        </datafield>
        <datafield tag="700" ind1="1" ind2=" ">
            <subfield code="a">Scribner, George.</subfield>
        </datafield>
        <datafield tag="700" ind1="1" ind2=" ">
            <subfield code="a">Twain, Mark,</subfield>
            <subfield code="d">1835-1910.</subfield>
            <subfield code="t">Prince and the pauper.</subfield>
        </datafield>
        <datafield tag="700" ind1="1" ind2=" ">
            <subfield code="a">Wallace, Oliver,</subfield>
            <subfield code="d">1887-1963.</subfield>
        </datafield>
        <datafield tag="700" ind1="1" ind2=" ">
            <subfield code="a">Welker, Frank.</subfield>
        </datafield>
        <datafield tag="700" ind1="1" ind2=" ">
            <subfield code="a">Whitaker, Wetzel O.</subfield>
        </datafield>
        <datafield tag="710" ind1="2" ind2=" ">
            <subfield code="a">Buena Vista Home Entertainment (Firm)</subfield>
        </datafield>
        <datafield tag="710" ind1="2" ind2=" ">
            <subfield code="a">Copyright Collection (Library of Congress)</subfield>
            <subfield code="5">DLC</subfield>
        </datafield>
        <datafield tag="710" ind1="2" ind2=" ">
            <subfield code="a">Walt Disney Productions.</subfield>
        </datafield>
        <datafield tag="710" ind1="2" ind2=" ">
            <subfield code="a">Walt Disney Studios Home Entertainment (Firm)</subfield>
        </datafield>
        <datafield tag="730" ind1="0" ind2="2">
            <subfield code="a">Knight for a day.</subfield>
        </datafield>
        <datafield tag="730" ind1="0" ind2="2">
            <subfield code="a">Old King Cole.</subfield>
        </datafield>
        <datafield tag="730" ind1="0" ind2="2">
            <subfield code="a">Ye olden days.</subfield>
        </datafield>
    </record>