
    <record>
        <leader>02582cam a22004093a 4500</leader>
        <controlfield tag="001">17355961</controlfield>
        <controlfield tag="003">LC</controlfield>
        <controlfield tag="005">20160906145409.0</controlfield>
        <controlfield tag="008">120621s1920    xxu           000 0 eng  </controlfield>
        <datafield tag="010" ind1=" " ind2=" ">
            <subfield code="a">  2012659274</subfield>
        </datafield>
        <datafield tag="245" ind1="0" ind2="4">
            <subfield code="a">The prince and the pauper.</subfield>
        </datafield>
        <datafield tag="260" ind1=" " ind2=" ">
            <subfield code="c">1920.</subfield>
        </datafield>
        <datafield tag="300" ind1=" " ind2=" ">
            <subfield code="a">1 v. (theater program).</subfield>
        </datafield>
        <datafield tag="500" ind1=" " ind2=" ">
            <subfield code="a">Cast: Mary Rehan, Madeleine King, Reginald Barlow, Ruth Findlay, Lowden Adams, Clare Eames, John Anthony, Frank Howson, Harda Daube, Harold Webster, Walter Sherwin, Montague Rutherford, William Faversham, Frank Howson, Philip Samson, Cecil Yapp, Gertrude Davis, Harry Kittredge, Ernest Grant, Alexander Loftus.</subfield>
        </datafield>
        <datafield tag="500" ind1=" " ind2=" ">
            <subfield code="a">Color illustrated covers. Illustrated color advertisements for Djer-Kiss cosmentics on p. [2]; Kelly Springfield tires on p. [3] and Murad cigarettes on p. [4] of covers.</subfield>
        </datafield>
        <datafield tag="500" ind1=" " ind2=" ">
            <subfield code="a">LC copy has handwritten notes in pencil: "Thurs. night Dec. 16th, 1920, Dr &amp; Mrs. Northrup, treat".</subfield>
            <subfield code="5">DLC</subfield>
        </datafield>
        <datafield tag="500" ind1=" " ind2=" ">
            <subfield code="a">The Booth Theatre, New York, week beginning Monday evening, December 13, 1920, matinees Wednesday and Saturday.</subfield>
        </datafield>
        <datafield tag="500" ind1=" " ind2=" ">
            <subfield code="a">Title devised by Library staff.</subfield>
        </datafield>
        <datafield tag="505" ind1="0" ind2=" ">
            <subfield code="a">Musical program: Gypsy songs / Anton Dvorak -- Henry VIII Dances / Edward German -- Petite Suit De Concert / Colderidge Taylor -- Carnival Venetian / J. Burgman.</subfield>
        </datafield>
        <datafield tag="520" ind1=" " ind2=" ">
            <subfield code="a">The Booth Theatre, West 45th Street, New York. The Booth Thetre, Winthrop Ames, director, Edward Lyons, manager, Jed F. Shaw, house manager. Direction of Lee Shubert, William Faversham in Mark Twain's "The Prince and the Pauper," dramatized by Amelie Rives, a tale for young people of all ages. Produced under the personal direction of William Faversham, the scenery and costumes designed by Rollo Peters.</subfield>
        </datafield>
        <datafield tag="580" ind1=" " ind2=" ">
            <subfield code="a">In: American theater programs of the late 19th and 20th centuries (Library of Congress).</subfield>
        </datafield>
        <datafield tag="700" ind1="1" ind2=" ">
            <subfield code="a">Faversham, William,</subfield>
            <subfield code="d">1868-1940.</subfield>
        </datafield>
        <datafield tag="700" ind1="1" ind2=" ">
            <subfield code="a">Rives, Amélie,</subfield>
            <subfield code="d">1863-1945.</subfield>
        </datafield>
        <datafield tag="700" ind1="1" ind2=" ">
            <subfield code="a">Shubert, Lee,</subfield>
            <subfield code="d">1873?-1953.</subfield>
        </datafield>
        <datafield tag="700" ind1="1" ind2=" ">
            <subfield code="a">Twain, Mark,</subfield>
            <subfield code="d">1835-1910.</subfield>
            <subfield code="t">Prince and the pauper.</subfield>
        </datafield>
        <datafield tag="710" ind1="2" ind2=" ">
            <subfield code="a">Booth Theatre (New York, N.Y.)</subfield>
        </datafield>
        <datafield tag="710" ind1="2" ind2=" ">
            <subfield code="a">Theater Playbills and Programs Collection (Library of Congress)</subfield>
            <subfield code="5">DLC</subfield>
        </datafield>
        <datafield tag="752" ind1=" " ind2=" ">
            <subfield code="a">United States</subfield>
            <subfield code="b">New York</subfield>
            <subfield code="d">New York.</subfield>
        </datafield>
    </record>