
    <record>
        <leader>03649cgm a22006257a 4500</leader>
        <controlfield tag="001">11522695</controlfield>
        <controlfield tag="003">LC</controlfield>
        <controlfield tag="005">20160329170620.0</controlfield>
        <controlfield tag="007">v| ||||||</controlfield>
        <controlfield tag="008">890131r19851984xxu090            vleng  </controlfield>
        <datafield tag="010" ind1=" " ind2=" ">
            <subfield code="a">   89705845 </subfield>
        </datafield>
        <datafield tag="017" ind1=" " ind2=" ">
            <subfield code="a">PA314-326</subfield>
            <subfield code="b">U.S. Copyright Office</subfield>
        </datafield>
        <datafield tag="245" ind1="0" ind2="0">
            <subfield code="a">Pudd'nhead Wilson /</subfield>
            <subfield code="c">a Great Amwell Nebraska ETV production in association with Taurus Films ; directed by Alan Bridges ; produced by Jane Iredale ; teleplay by Philip Reisman, Jr.</subfield>
        </datafield>
        <datafield tag="257" ind1=" " ind2=" ">
            <subfield code="a">U.S.</subfield>
        </datafield>
        <datafield tag="260" ind1=" " ind2=" ">
            <subfield code="a">United States :</subfield>
            <subfield code="b">PBS,</subfield>
            <subfield code="c">1984 ;</subfield>
            <subfield code="a">United States :</subfield>
            <subfield code="b">WETA-TV,</subfield>
            <subfield code="c">1985-01-07.</subfield>
        </datafield>
        <datafield tag="300" ind1=" " ind2=" ">
            <subfield code="a">1 videocassette of 1 (90 min.) :</subfield>
            <subfield code="b">sd., col. ;</subfield>
            <subfield code="c">1/2 in. viewing copy.</subfield>
        </datafield>
        <datafield tag="300" ind1=" " ind2=" ">
            <subfield code="a">2 videocassettes of 2 (90 min.) :</subfield>
            <subfield code="b">sd., col. ;</subfield>
            <subfield code="c">3/4 in. viewing copy.</subfield>
        </datafield>
        <datafield tag="490" ind1="1" ind2=" ">
            <subfield code="a">American playhouse</subfield>
        </datafield>
        <datafield tag="500" ind1=" " ind2=" ">
            <subfield code="a">Copyright notice on film: The Great Amwell Company, Inc. Nebraskans for Public Television, Inc.</subfield>
        </datafield>
        <datafield tag="500" ind1=" " ind2=" ">
            <subfield code="a">Copyright: Nebraskens for Public Television, Inc. and the Great Amwell Company, Inc. NM: adaptation and all other cinematographic material. DCR 1983; PUB 24Jan84; REG 13Jan87; PA314-326.</subfield>
        </datafield>
        <datafield tag="500" ind1=" " ind2=" ">
            <subfield code="a">From the book by Samuel Langhorne Clemens.</subfield>
        </datafield>
        <datafield tag="500" ind1=" " ind2=" ">
            <subfield code="a">Gianakos' television drama series programming ... 1984-1986, cites the title of the program as "The tragedy of Pudd'nhead Wilson."</subfield>
        </datafield>
        <datafield tag="500" ind1=" " ind2=" ">
            <subfield code="a">Number referring to episode on accession card for off-air tape viewing copy is number 301.</subfield>
            <subfield code="5">DLC</subfield>
        </datafield>
        <datafield tag="500" ind1=" " ind2=" ">
            <subfield code="a">Sources used: Gianakos' television drama series programming ... 1984-1986, p. 293; copyright data base; Internet movie database 6/1/99.</subfield>
        </datafield>
        <datafield tag="500" ind1=" " ind2=" ">
            <subfield code="a">Viewing copy (VAA 2225) is American Playhouse reissue copy.</subfield>
            <subfield code="5">DLC</subfield>
        </datafield>
        <datafield tag="500" ind1=" " ind2=" ">
            <subfield code="a">Viewing copy (VAA 2225) shown on Jan. 7, 1985 is a repeat of the program shown on Jan. 24, 1984.</subfield>
        </datafield>
        <datafield tag="508" ind1=" " ind2=" ">
            <subfield code="a">Director of photography, Walter Lassally ; editor, Katherine Wenning ; music composed and conducted by William Perry.</subfield>
        </datafield>
        <datafield tag="511" ind1="1" ind2=" ">
            <subfield code="a">Ken Howard, Lïse Hilboldt, Steven Weber, Preston Maybank, Tom Aldredge, Scotty Bloch, Nameer El-Kadi, Naseer El-Kadi.</subfield>
        </datafield>
        <datafield tag="520" ind1=" " ind2=" ">
            <subfield code="a">A dramatization of Mark Twain's antislavery novel entitled Pudd'nhead Wilson in which a mulatto slave switches her newborn son with the son of her master and is undiscovered until the boys reach manhood and a murder is committed.</subfield>
        </datafield>
        <datafield tag="541" ind1=" " ind2=" ">
            <subfield code="d">Received: 1/31/1989;</subfield>
            <subfield code="3">viewing copy (VBF 7863-7864);</subfield>
            <subfield code="c">copyright deposit--Adv. sel.;</subfield>
            <subfield code="a">Copyright Collection.</subfield>
        </datafield>
        <datafield tag="541" ind1=" " ind2=" ">
            <subfield code="d">Received: 2/12/1985;</subfield>
            <subfield code="3">viewing copy (VAA 2225);</subfield>
            <subfield code="c">off-air taping;</subfield>
            <subfield code="a">LC Off-Air Taping Collection.</subfield>
        </datafield>
        <datafield tag="700" ind1="1" ind2=" ">
            <subfield code="a">Bridges, Alan,</subfield>
            <subfield code="d">1927-2013,</subfield>
            <subfield code="e">direction.</subfield>
        </datafield>
        <datafield tag="700" ind1="1" ind2=" ">
            <subfield code="a">Hilbolt, Lïse,</subfield>
            <subfield code="e">cast.</subfield>
        </datafield>
        <datafield tag="700" ind1="1" ind2=" ">
            <subfield code="a">Howard, Ken,</subfield>
            <subfield code="d">1944-2016,</subfield>
            <subfield code="e">cast.</subfield>
        </datafield>
        <datafield tag="700" ind1="1" ind2=" ">
            <subfield code="a">Maybank, Preston,</subfield>
            <subfield code="e">cast.</subfield>
        </datafield>
        <datafield tag="700" ind1="1" ind2=" ">
            <subfield code="a">Reisman, Philip H.,</subfield>
            <subfield code="d">1916-1999,</subfield>
            <subfield code="e">writing.</subfield>
        </datafield>
        <datafield tag="700" ind1="1" ind2=" ">
            <subfield code="a">Twain, Mark,</subfield>
            <subfield code="d">1835-1910.</subfield>
            <subfield code="t">Pudd'nhead Wilson.</subfield>
        </datafield>
        <datafield tag="700" ind1="1" ind2=" ">
            <subfield code="a">Weber, Steven,</subfield>
            <subfield code="e">cast.</subfield>
        </datafield>
        <datafield tag="710" ind1="2" ind2=" ">
            <subfield code="a">Copyright Collection (Library of Congress)</subfield>
            <subfield code="5">DLC</subfield>
        </datafield>
        <datafield tag="710" ind1="2" ind2=" ">
            <subfield code="a">LC Off-Air Taping Collection (Library of Congress)</subfield>
            <subfield code="5">DLC</subfield>
        </datafield>
        <datafield tag="830" ind1=" " ind2="0">
            <subfield code="a">American playhouse (Television program)</subfield>
        </datafield>
    </record>