
    <record>
        <leader>03024cam a22004333i 4500</leader>
        <controlfield tag="001">19096681</controlfield>
        <controlfield tag="003">LC</controlfield>
        <controlfield tag="005">20160712092107.0</controlfield>
        <controlfield tag="008">160516s1875    dcu           000 0 eng  </controlfield>
        <datafield tag="010" ind1=" " ind2=" ">
            <subfield code="a">  2016656623</subfield>
        </datafield>
        <datafield tag="245" ind1="0" ind2="0">
            <subfield code="a">Theater playbill for John T. Raymond in "Colonel Sellers" at Ford's Opera House, [Baltimore], February 1, [1875].</subfield>
        </datafield>
        <datafield tag="246" ind1="1" ind2="6">
            <subfield code="a">Engagement for Six Nights of John T. Raymond! in his great role of Col. Sellers in Mark Twain's drama, in 5 acts, illustrative of American life and romance, founded on the novel, "Gilded Age"</subfield>
        </datafield>
        <datafield tag="246" ind1="3" ind2=" ">
            <subfield code="a">Colonel Sellers</subfield>
        </datafield>
        <datafield tag="246" ind1="3" ind2="0">
            <subfield code="a">Col. Sellers</subfield>
        </datafield>
        <datafield tag="264" ind1=" " ind2="3">
            <subfield code="a">[Washington, D.C.?] :</subfield>
            <subfield code="b">Chronicle Publishing Company Print,</subfield>
            <subfield code="c">[1875]</subfield>
        </datafield>
        <datafield tag="300" ind1=" " ind2=" ">
            <subfield code="a">1 sheet ;</subfield>
            <subfield code="c">61 x 24 cm</subfield>
        </datafield>
        <datafield tag="336" ind1=" " ind2=" ">
            <subfield code="a">text</subfield>
            <subfield code="2">rdacontent</subfield>
        </datafield>
        <datafield tag="337" ind1=" " ind2=" ">
            <subfield code="a">unmediated</subfield>
            <subfield code="2">rdamedia</subfield>
        </datafield>
        <datafield tag="338" ind1=" " ind2=" ">
            <subfield code="a">sheet</subfield>
            <subfield code="2">rdacarrier</subfield>
        </datafield>
        <datafield tag="500" ind1=" " ind2=" ">
            <subfield code="a">[Baltimore, Md.], Ford's Opera House, [1874 or 1875?].</subfield>
        </datafield>
        <datafield tag="500" ind1=" " ind2=" ">
            <subfield code="a">Cast: Col. Mulberry Sellers: Mr. John T. Raymond, Laura Hawkins: Miss Marrianne Conway, Mrs. Si Hawkins: Miss Amelia Harris, Emily Hawkins: Miss M. Wellesley, Mrs. Col. Sellers: Mrs. A. Gonzales, Girl: Miss I. Perley, Col. George Selby: A.F. Kingsley, Si Hawkins: M. Lanagan, Clay Hawkins: H. Lee, Uncle Daniel: G.W. Denham, District Attorney: S.W. Glenn, Lafayette Hawkins: W.H. Burton, Counsel for Defence: G.A. Parkhurst, Judge: S. Duffield, Edroff, Clerk of Court: C. Allison, John Peterson: W. Blondell, Foreman of Jury: A. Gonzales, Postman: S. Wright, Nigger Joe: T.S. Galvin, Reporter: G. Wilson, Boy: Master H. White. Jurymen, Visitors, Negroes, Sheriffis, Constables, Spectators, Lady Visitors, etc. by auxiliaries.</subfield>
        </datafield>
        <datafield tag="500" ind1=" " ind2=" ">
            <subfield code="a">LC copy imperfect: portion of top edge torn away with loss of text.</subfield>
            <subfield code="5">DLC</subfield>
        </datafield>
        <datafield tag="500" ind1=" " ind2=" ">
            <subfield code="a">Title devised from item by Library staff.</subfield>
        </datafield>
        <datafield tag="520" ind1=" " ind2=" ">
            <subfield code="a">Ford's O[pera House!] John T. Ford [proprietor] B. Clay Ford [business manager]. "There's Millions in it!" Monday evening, February 1st. Engagement for Six Nights of John T. Raymond! in his great role of Col. Sellers in Mark Twain's drama, in 5 acts, illustrative of American life and romance, founded on the novel, "Gilded Age" ... New scenery and appointments! Original music! ... Saturday. Colonel Sellers Matinee.</subfield>
        </datafield>
        <datafield tag="580" ind1=" " ind2=" ">
            <subfield code="a">In: American theater programs of the late 19th and 20th centuries (Library of Congress).</subfield>
        </datafield>
        <datafield tag="700" ind1="1" ind2=" ">
            <subfield code="a">Raymond, John T.,</subfield>
            <subfield code="d">1836-1887,</subfield>
            <subfield code="e">performer.</subfield>
        </datafield>
        <datafield tag="700" ind1="1" ind2=" ">
            <subfield code="a">Twain, Mark,</subfield>
            <subfield code="d">1835-1910.</subfield>
            <subfield code="t">Gilded age.</subfield>
        </datafield>
        <datafield tag="710" ind1="2" ind2=" ">
            <subfield code="a">Ford's Grand Opera House (Baltimore, Md.)</subfield>
        </datafield>
        <datafield tag="710" ind1="2" ind2=" ">
            <subfield code="a">Theater Playbills and Programs Collection (Library of Congress)</subfield>
            <subfield code="5">DLC</subfield>
        </datafield>
        <datafield tag="752" ind1=" " ind2=" ">
            <subfield code="a">United States</subfield>
            <subfield code="b">District of Columbia</subfield>
            <subfield code="d">Washington.</subfield>
        </datafield>
        <datafield tag="752" ind1=" " ind2=" ">
            <subfield code="a">United States</subfield>
            <subfield code="b">Maryland</subfield>
            <subfield code="d">Baltimore.</subfield>
        </datafield>
    </record>