
    <record>
        <leader>02753cam a22004093i 4500</leader>
        <controlfield tag="001">19114031</controlfield>
        <controlfield tag="003">LC</controlfield>
        <controlfield tag="005">20160712101950.0</controlfield>
        <controlfield tag="008">160531s1875    dcu           000 0 eng  </controlfield>
        <datafield tag="010" ind1=" " ind2=" ">
            <subfield code="a">  2016656713</subfield>
        </datafield>
        <datafield tag="245" ind1="0" ind2="0">
            <subfield code="a">Theater playbill for Mr. John T. Raymond as Colonel Sellers in "The Gilded Age" at the National Theater, Washington, D.C., [December 13, 1875].</subfield>
        </datafield>
        <datafield tag="246" ind1="1" ind2="6">
            <subfield code="a">"There's Millions in it!"</subfield>
        </datafield>
        <datafield tag="246" ind1="1" ind2="6">
            <subfield code="a">Col. Sellers</subfield>
        </datafield>
        <datafield tag="246" ind1="1" ind2="6">
            <subfield code="a">Mr. John T. Raymond!</subfield>
        </datafield>
        <datafield tag="246" ind1="3" ind2="0">
            <subfield code="a">Gilded age</subfield>
        </datafield>
        <datafield tag="264" ind1=" " ind2="3">
            <subfield code="a">[Washington, D.C.] :</subfield>
            <subfield code="b">Washington Chronicle Print, 914 Penna. Ave.,</subfield>
            <subfield code="c">[1875].</subfield>
        </datafield>
        <datafield tag="300" ind1=" " ind2=" ">
            <subfield code="a">1 sheet ;</subfield>
            <subfield code="c">61 x 25 cm</subfield>
        </datafield>
        <datafield tag="336" ind1=" " ind2=" ">
            <subfield code="a">text</subfield>
            <subfield code="2">rdacontent</subfield>
        </datafield>
        <datafield tag="337" ind1=" " ind2=" ">
            <subfield code="a">unmediated</subfield>
            <subfield code="2">rdamedia</subfield>
        </datafield>
        <datafield tag="338" ind1=" " ind2=" ">
            <subfield code="a">sheet</subfield>
            <subfield code="2">rdacarrier</subfield>
        </datafield>
        <datafield tag="500" ind1=" " ind2=" ">
            <subfield code="a">Cast: Colonel Mulberry Sellers: Mr. John T. Raymond, Laura Hawkins: Miss Marie Gordon, Mrs. Si Hawkins: Miss Lizzie Waldro, Colonel George Selby: Mr. Harry Lee, Emily Hawkins: Miss Eugenia Paul, Mrs. Colonel Sellers: Miss Walters, Girl: Miss Pearly, Si Hawkins: Mr. Harry Pearson, Clay Hawkins: Mr. Walters, Uncle Daniel: Mr. Geo. W. Denham, District Attorney: Mr. S.W. Glenn, Lafayette Hawkins: Mr. Paul, Counsel for Defense: Mr. J. Armstrong, Judge: Mr. Doud, Edroff, Clerk of Court: Mr. Atwell, John Peterson: Mr. Sturgis, Foreman of Jury: Mr. A. Gonzales, Postman: Mr. Wright, Nigger Joe; Mr. Galvin, Reporter: Mr. Wilson, Boy: Master H. Adams, Jurymen, Visitors, Negroes, Sheriffs, Constables, Spectators, Lady Visitors, etc., by auxiliaries.</subfield>
        </datafield>
        <datafield tag="500" ind1=" " ind2=" ">
            <subfield code="a">Title devised by Library staff from item.</subfield>
        </datafield>
        <datafield tag="520" ind1=" " ind2=" ">
            <subfield code="a">National Theatre, John T. Ford, lessee, H. Clay Ford, manager. "There's Millions in it!" Monday, December 13 Mr. John T. Raymond! in Mark Twain's dramtization of his famous Novel "The Gilded Age" assuming his Graet Role of Col. Sellers, assisted by the Beautiful and Distinguished Artiste Miss Marie Gordon! From the Union Square Theatre, New York ... New Scenery and Appointements. Original Music! ... Saturday, "Col. Sellers" Matinee.</subfield>
        </datafield>
        <datafield tag="580" ind1=" " ind2=" ">
            <subfield code="a">In: American theater programs of the late 19th and 20th centuries (Library of Congress).</subfield>
        </datafield>
        <datafield tag="700" ind1="1" ind2=" ">
            <subfield code="a">Gordon, Marie,</subfield>
            <subfield code="d">-1891,</subfield>
            <subfield code="e">actor.</subfield>
        </datafield>
        <datafield tag="700" ind1="1" ind2=" ">
            <subfield code="a">Raymond, John T.,</subfield>
            <subfield code="d">1836-1887,</subfield>
            <subfield code="e">actor.</subfield>
        </datafield>
        <datafield tag="700" ind1="1" ind2=" ">
            <subfield code="a">Twain, Mark,</subfield>
            <subfield code="d">1835-1910.</subfield>
            <subfield code="t">Gilded age.</subfield>
        </datafield>
        <datafield tag="710" ind1="2" ind2=" ">
            <subfield code="a">National Theater (Washington, D.C. : 1873-1885)</subfield>
        </datafield>
        <datafield tag="710" ind1="2" ind2=" ">
            <subfield code="a">Theater Playbills and Programs Collection (Library of Congress)</subfield>
            <subfield code="5">DLC</subfield>
        </datafield>
        <datafield tag="752" ind1=" " ind2=" ">
            <subfield code="a">United States</subfield>
            <subfield code="b">District of Columbia</subfield>
            <subfield code="d">Washington.</subfield>
        </datafield>
    </record>