
    <record>
        <leader>01191nam a2200277 a 4500</leader>
        <controlfield tag="001">4040002</controlfield>
        <controlfield tag="003">LC</controlfield>
        <controlfield tag="005">19990212141730.4</controlfield>
        <controlfield tag="008">980413s1874    nyuc          000 0 eng  </controlfield>
        <datafield tag="010" ind1=" " ind2=" ">
            <subfield code="a">   98138060 </subfield>
        </datafield>
        <datafield tag="245" ind1="0" ind2="0">
            <subfield code="a">There's millions in it.</subfield>
        </datafield>
        <datafield tag="260" ind1=" " ind2=" ">
            <subfield code="a">[New York] :</subfield>
            <subfield code="b">Geo. W. Averill &amp; Co. Print.,</subfield>
            <subfield code="c">[1874?]</subfield>
        </datafield>
        <datafield tag="300" ind1=" " ind2=" ">
            <subfield code="a">1 sheet ([1] p.) :</subfield>
            <subfield code="b">port. ;</subfield>
            <subfield code="c">25 x 20 cm.</subfield>
        </datafield>
        <datafield tag="500" ind1=" " ind2=" ">
            <subfield code="a">Theatrical poster of the actor John T. Raymond as Mulberry Sellers, a character in Mark Twain's play of 1874 entitled Colonel Sellers. The play is a dramatic version of The gilded age, a novel written by Twain and Charles Dudley Warner.</subfield>
        </datafield>
        <datafield tag="700" ind1="1" ind2=" ">
            <subfield code="a">Raymond, John T.,</subfield>
            <subfield code="d">1836-1887.</subfield>
        </datafield>
        <datafield tag="700" ind1="1" ind2=" ">
            <subfield code="a">Twain, Mark,</subfield>
            <subfield code="d">1835-1910.</subfield>
            <subfield code="t">Colonel Sellers.</subfield>
        </datafield>
        <datafield tag="700" ind1="1" ind2=" ">
            <subfield code="a">Twain, Mark,</subfield>
            <subfield code="d">1835-1910.</subfield>
            <subfield code="t">Gilded age.</subfield>
        </datafield>
        <datafield tag="710" ind1="2" ind2=" ">
            <subfield code="a">Printed Ephemera Collection (Library of Congress)</subfield>
            <subfield code="5">DLC</subfield>
        </datafield>
    </record>