
    <record>
        <leader>02960cam a22004093a 4500</leader>
        <controlfield tag="001">16175767</controlfield>
        <controlfield tag="003">LC</controlfield>
        <controlfield tag="005">20130606093309.0</controlfield>
        <controlfield tag="008">100407s1949    xx            000 0 eng  </controlfield>
        <datafield tag="010" ind1=" " ind2=" ">
            <subfield code="a">  2010368524</subfield>
        </datafield>
        <datafield tag="245" ind1="0" ind2="0">
            <subfield code="a">Tom Sawyer.</subfield>
        </datafield>
        <datafield tag="260" ind1=" " ind2=" ">
            <subfield code="c">1949.</subfield>
        </datafield>
        <datafield tag="300" ind1=" " ind2=" ">
            <subfield code="a">1 v. (theater program).</subfield>
        </datafield>
        <datafield tag="500" ind1=" " ind2=" ">
            <subfield code="a">"Curtain raiser by the Mascots. Rin-tin-tin, [with] Helene Beller, Elaine Wender. Nannette [with] Janey Freedman, Sandy Kadidlo, Barbara Mason. Ushers: Cadets of Roosevelt High School, under supervision of Miss Helen White".</subfield>
        </datafield>
        <datafield tag="500" ind1=" " ind2=" ">
            <subfield code="a">"There are two casts for the 'Tom Sawyer' production. Cast 1 plays on December 2 and 10. Cast 2 plays on December 3 and 9."</subfield>
        </datafield>
        <datafield tag="500" ind1=" " ind2=" ">
            <subfield code="a">Cast 1: Kent Seegmiller, Hanna Jenssen, Janie Eble, Stephen Miller, Marilyn Wender, Elliot Denniberg, Lowell Swortzell, Gloria Gottlieb, Kay Harris, Barry Fribush, Janet Clement, Sandra Gold, Joanne Gottlieb, Beverly Wolin, Larry Lessin, Alan Lachman, Bob Barash, Peter Brown, Ronnie Hollandger, Harold Teagle, Helen Hachten, Ruth Blum, Myra Levine, Janet Swearingen, Suzanne Spitz, David Sola, Noe Crane, Jan Betts, Janine Renaud, Lynn Liebschutz.</subfield>
        </datafield>
        <datafield tag="500" ind1=" " ind2=" ">
            <subfield code="a">Cast 2: Peter Barash, Patricia Hubbard, Dixie Greene, Bennett Cooper, Marilyn Wender, Deanne Derrickson, Harold Teagle, Maria Girard, Suzanne Folwer, Danny Gsovski, Virginia Fowler, Carolyn McKnight, Johnny Stein, Stephen Bronz, Larry Lessin, Ronie Hollander, Alan Lachman, Michael Bander, Bob Barash, Lowell Swortzell, Annie Laurie Martin, Betty Sue Smith, Myra Levine, Janet Swearingen, Suzanne Spitz, David Sola, Noel Crane, Jan Betts, Janine Renaud, Lynn Liebschutz.</subfield>
        </datafield>
        <datafield tag="500" ind1=" " ind2=" ">
            <subfield code="a">Roosevelt High Auditorium, December 2-3, 9-10, 1949.</subfield>
        </datafield>
        <datafield tag="500" ind1=" " ind2=" ">
            <subfield code="a">Title devised by Library staff.</subfield>
        </datafield>
        <datafield tag="520" ind1=" " ind2=" ">
            <subfield code="a">The Children's Theatre of Washington, sponsored by the D.C. Recreation Department, presents the Children's Studios of Speech and Dramatic Arts in "Tom Sawyer," by Mark Twain, dramatized by Sara Spencer, presented by special arrangement with the Children's Theatre Press, Anchorage, Kentucky, entire production under the direction of Rose Robison Cowen.</subfield>
        </datafield>
        <datafield tag="580" ind1=" " ind2=" ">
            <subfield code="a">In: Richard L. Coe Theater Programs Collection (Library of Congress).</subfield>
        </datafield>
        <datafield tag="700" ind1="1" ind2=" ">
            <subfield code="a">Cowen, Rose Robinson.</subfield>
        </datafield>
        <datafield tag="700" ind1="1" ind2=" ">
            <subfield code="a">Spencer, Sara.</subfield>
        </datafield>
        <datafield tag="700" ind1="1" ind2=" ">
            <subfield code="a">Twain, Mark,</subfield>
            <subfield code="d">1835-1910.</subfield>
            <subfield code="t">Adventures of Tom Sawyer.</subfield>
        </datafield>
        <datafield tag="710" ind1="1" ind2=" ">
            <subfield code="a">District of Columbia.</subfield>
            <subfield code="b">Department of Recreation.</subfield>
        </datafield>
        <datafield tag="710" ind1="2" ind2=" ">
            <subfield code="a">Children's Theatre of Washington (Washington, D.C.)</subfield>
        </datafield>
        <datafield tag="710" ind1="2" ind2=" ">
            <subfield code="a">Richard L. Coe Theater Programs Collection (Library of Congress)</subfield>
            <subfield code="5">DLC</subfield>
        </datafield>
        <datafield tag="740" ind1="0" ind2=" ">
            <subfield code="a">Nannette.</subfield>
        </datafield>
        <datafield tag="740" ind1="0" ind2=" ">
            <subfield code="a">Rin-tin-tin.</subfield>
        </datafield>
        <datafield tag="752" ind1=" " ind2=" ">
            <subfield code="a">United States</subfield>
            <subfield code="b">District of Columbia</subfield>
            <subfield code="d">Washington.</subfield>
        </datafield>
    </record>