
    <record>
        <leader>01397cam a2200277u  4500</leader>
        <controlfield tag="001">9893351</controlfield>
        <controlfield tag="003">LC</controlfield>
        <controlfield tag="005">20170830131015.0</controlfield>
        <controlfield tag="008">861009s1917    xxu           000 0 eng  </controlfield>
        <datafield tag="010" ind1=" " ind2=" ">
            <subfield code="a">fi 68000443 </subfield>
        </datafield>
        <datafield tag="245" ind1="0" ind2="0">
            <subfield code="a">Tom Sawyer</subfield>
            <subfield code="h">[Motion picture]</subfield>
        </datafield>
        <datafield tag="260" ind1=" " ind2=" ">
            <subfield code="a">[n.p.]</subfield>
            <subfield code="b">Famous Players-Lasky Corp. Released by Paramount Pictures,</subfield>
            <subfield code="c">1917.</subfield>
        </datafield>
        <datafield tag="300" ind1=" " ind2=" ">
            <subfield code="a">53 min.</subfield>
            <subfield code="b">si. b&amp;w.</subfield>
            <subfield code="c">16 mm.</subfield>
        </datafield>
        <datafield tag="500" ind1=" " ind2=" ">
            <subfield code="a">Based on the novel The adventures of Tom Sawyer, by Mark Twain.</subfield>
        </datafield>
        <datafield tag="500" ind1=" " ind2=" ">
            <subfield code="a">CREDITS: Director, William D. Taylor; photoplay, Julia Crawford Ivers. CAST: Jack Pickford, Robert Gordon, Clara Horton, Antrim Short, Edythe Chapman, Alice Marvin, George Hackathorne.</subfield>
        </datafield>
        <datafield tag="500" ind1=" " ind2=" ">
            <subfield code="a">In the Gatewood W. Dunston film collection, Library of Congress.</subfield>
            <subfield code="5">DLC</subfield>
        </datafield>
        <datafield tag="500" ind1=" " ind2=" ">
            <subfield code="a">L. C. copy imperfect: main titles, production credits, and end titles wanting.</subfield>
            <subfield code="5">DLC</subfield>
        </datafield>
        <datafield tag="500" ind1=" " ind2=" ">
            <subfield code="a">Originally released in 35 mm.</subfield>
        </datafield>
        <datafield tag="500" ind1=" " ind2=" ">
            <subfield code="a">SUMMARY: Screen adaptation of Mark Twain's classic about the life and adventures of a typically mischievous boy in a small Missouri town.</subfield>
        </datafield>
        <datafield tag="600" ind1="1" ind2="0">
            <subfield code="a">Sawyer, Tom</subfield>
            <subfield code="c">(Fictitious character)</subfield>
            <subfield code="v">Drama.</subfield>
        </datafield>
        <datafield tag="700" ind1="1" ind2=" ">
            <subfield code="a">Twain, Mark,</subfield>
            <subfield code="d">1835-1910.</subfield>
            <subfield code="t">Adventures of Tom Sawyer.</subfield>
        </datafield>
        <datafield tag="710" ind1="2" ind2=" ">
            <subfield code="a">Dunston (Gatewood) Collection (Library of Congress)</subfield>
            <subfield code="5">DLC</subfield>
        </datafield>
        <datafield tag="710" ind1="2" ind2=" ">
            <subfield code="a">Paramount Pictures Corporation (1914-1927)</subfield>
        </datafield>
    </record>