
    <record>
        <leader>01761ccm a2200409 a 4500</leader>
        <controlfield tag="001">15311827</controlfield>
        <controlfield tag="003">LC</controlfield>
        <controlfield tag="005">20080611123843.0</controlfield>
        <controlfield tag="008">080602s2003    nyu  a|        n  | eng d</controlfield>
        <datafield tag="010" ind1=" " ind2=" ">
            <subfield code="a">  2008561625</subfield>
        </datafield>
        <datafield tag="100" ind1="1" ind2=" ">
            <subfield code="a">Argento, Dominick.</subfield>
        </datafield>
        <datafield tag="240" ind1="1" ind2="0">
            <subfield code="a">Seascapes</subfield>
        </datafield>
        <datafield tag="245" ind1="1" ind2="0">
            <subfield code="a">Four seascapes :</subfield>
            <subfield code="b">for chorus and orchestra /</subfield>
            <subfield code="c">texts [by] Herman Melville, Thornton Wilder, Henry James, Mark Twain ; music [by] Dominick Argento.</subfield>
        </datafield>
        <datafield tag="246" ind1="3" ind2=" ">
            <subfield code="a">4 seascapes</subfield>
        </datafield>
        <datafield tag="260" ind1=" " ind2=" ">
            <subfield code="a">[New York] :</subfield>
            <subfield code="b">Boosey &amp; Hawkes,</subfield>
            <subfield code="c">[2003?]</subfield>
        </datafield>
        <datafield tag="300" ind1=" " ind2=" ">
            <subfield code="a">1 score (107 p.) ;</subfield>
            <subfield code="c">36 cm.</subfield>
        </datafield>
        <datafield tag="306" ind1=" " ind2=" ">
            <subfield code="a">002300</subfield>
        </datafield>
        <datafield tag="500" ind1=" " ind2=" ">
            <subfield code="a">"Dedicated to the Sibley Library, Eastman School of Music in celebration of its 100th anniversary and commissioned by the Hanson Institute for American Music and the Eastman School of Music of the University of Rochester"--T.p. verso.</subfield>
        </datafield>
        <datafield tag="500" ind1=" " ind2=" ">
            <subfield code="a">Duration: ca. 23:00.</subfield>
        </datafield>
        <datafield tag="505" ind1="0" ind2=" ">
            <subfield code="a">The Pacific -- The Mediterranean -- Lake Como -- The Mississippi.</subfield>
        </datafield>
        <datafield tag="600" ind1="1" ind2="0">
            <subfield code="a">James, Henry,</subfield>
            <subfield code="d">1843-1916</subfield>
            <subfield code="v">Musical settings.</subfield>
        </datafield>
        <datafield tag="600" ind1="1" ind2="0">
            <subfield code="a">Melville, Herman,</subfield>
            <subfield code="d">1819-1891</subfield>
            <subfield code="v">Musical settings.</subfield>
        </datafield>
        <datafield tag="600" ind1="1" ind2="0">
            <subfield code="a">Twain, Mark,</subfield>
            <subfield code="d">1835-1910</subfield>
            <subfield code="v">Musical settings.</subfield>
        </datafield>
        <datafield tag="600" ind1="1" ind2="0">
            <subfield code="a">Wilder, Thornton,</subfield>
            <subfield code="d">1897-1975</subfield>
            <subfield code="v">Musical settings.</subfield>
        </datafield>
        <datafield tag="700" ind1="1" ind2=" ">
            <subfield code="a">James, Henry,</subfield>
            <subfield code="d">1843-1916.</subfield>
        </datafield>
        <datafield tag="700" ind1="1" ind2=" ">
            <subfield code="a">Melville, Herman,</subfield>
            <subfield code="d">1819-1891.</subfield>
        </datafield>
        <datafield tag="700" ind1="1" ind2=" ">
            <subfield code="a">Twain, Mark,</subfield>
            <subfield code="d">1835-1910.</subfield>
        </datafield>
        <datafield tag="700" ind1="1" ind2=" ">
            <subfield code="a">Wilder, Thornton,</subfield>
            <subfield code="d">1897-1975.</subfield>
        </datafield>
    </record>