
    <record>
        <leader>00955cam a22002891  4500</leader>
        <controlfield tag="001">6588127</controlfield>
        <controlfield tag="003">LC</controlfield>
        <controlfield tag="005">20050825121854.0</controlfield>
        <controlfield tag="008">751117s1966    ilu      b    000 0beng  </controlfield>
        <datafield tag="010" ind1=" " ind2=" ">
            <subfield code="a">   65019775 </subfield>
        </datafield>
        <datafield tag="082" ind1=" " ind2=" ">
            <subfield code="a">973.730924</subfield>
        </datafield>
        <datafield tag="100" ind1="1" ind2=" ">
            <subfield code="a">Arnold, Matthew,</subfield>
            <subfield code="d">1822-1888.</subfield>
        </datafield>
        <datafield tag="245" ind1="1" ind2="0">
            <subfield code="a">General Grant.</subfield>
            <subfield code="c">With a rejoinder by Mark Twain. Edited with an introd. by John Y. Simon.</subfield>
        </datafield>
        <datafield tag="260" ind1=" " ind2=" ">
            <subfield code="a">Carbondale,</subfield>
            <subfield code="b">Southern Illinois University Press</subfield>
            <subfield code="c">[1966]</subfield>
        </datafield>
        <datafield tag="300" ind1=" " ind2=" ">
            <subfield code="a">58 p.</subfield>
            <subfield code="c">21 cm.</subfield>
        </datafield>
        <datafield tag="504" ind1=" " ind2=" ">
            <subfield code="a">Bibliographical footnotes.</subfield>
        </datafield>
        <datafield tag="600" ind1="1" ind2="0">
            <subfield code="a">Grant, Ulysses S.</subfield>
            <subfield code="q">(Ulysses Simpson),</subfield>
            <subfield code="d">1822-1885.</subfield>
        </datafield>
        <datafield tag="700" ind1="1" ind2=" ">
            <subfield code="a">Simon, John Y.,</subfield>
            <subfield code="e">ed.</subfield>
        </datafield>
        <datafield tag="700" ind1="1" ind2=" ">
            <subfield code="a">Twain, Mark,</subfield>
            <subfield code="d">1835-1910.</subfield>
        </datafield>
    </record>