
    <record>
        <leader>00744cam a22002417a 4500</leader>
        <controlfield tag="001">17471197</controlfield>
        <controlfield tag="003">LC</controlfield>
        <controlfield tag="005">20120921180138.0</controlfield>
        <controlfield tag="008">120921s2008    ilu           000 d eng  </controlfield>
        <datafield tag="010" ind1=" " ind2=" ">
            <subfield code="a">  2012372240</subfield>
        </datafield>
        <datafield tag="020" ind1=" " ind2=" ">
            <subfield code="a">1583425861 (pbk.)</subfield>
        </datafield>
        <datafield tag="020" ind1=" " ind2=" ">
            <subfield code="a">9781583425862 (pbk.)</subfield>
        </datafield>
        <datafield tag="100" ind1="1" ind2=" ">
            <subfield code="a">Averill, Ric.</subfield>
        </datafield>
        <datafield tag="245" ind1="1" ind2="0">
            <subfield code="a">Tom Sawyer /</subfield>
            <subfield code="c">adapted by Ric Averill.</subfield>
        </datafield>
        <datafield tag="260" ind1=" " ind2=" ">
            <subfield code="a">Woodstock, Ill. :</subfield>
            <subfield code="b">Dramatic Pub.,</subfield>
            <subfield code="c">c2008.</subfield>
        </datafield>
        <datafield tag="300" ind1=" " ind2=" ">
            <subfield code="a">80 p. ;</subfield>
            <subfield code="c">19 cm.</subfield>
        </datafield>
        <datafield tag="500" ind1=" " ind2=" ">
            <subfield code="a">"From the book by Mark Twain".</subfield>
        </datafield>
        <datafield tag="700" ind1="1" ind2=" ">
            <subfield code="a">Twain, Mark,</subfield>
            <subfield code="d">1835-1910.</subfield>
            <subfield code="t">Adventures of Tom Sawyer</subfield>
        </datafield>
    </record>