
    <record>
        <leader>01719cam a2200361 a 4500</leader>
        <controlfield tag="001">11803611</controlfield>
        <controlfield tag="003">LC</controlfield>
        <controlfield tag="005">20030630162756.0</controlfield>
        <controlfield tag="008">991006r20001998wiua   c      000 1 eng  </controlfield>
        <datafield tag="010" ind1=" " ind2=" ">
            <subfield code="a">   99051789 </subfield>
        </datafield>
        <datafield tag="020" ind1=" " ind2=" ">
            <subfield code="a">0836825934 (lib. bdg.)</subfield>
        </datafield>
        <datafield tag="082" ind1="0" ind2="0">
            <subfield code="a">[Fic]</subfield>
            <subfield code="2">21</subfield>
        </datafield>
        <datafield tag="100" ind1="1" ind2=" ">
            <subfield code="a">Barkan, Joanne.</subfield>
        </datafield>
        <datafield tag="245" ind1="1" ind2="2">
            <subfield code="a">A pup in King Arthur's Court /</subfield>
            <subfield code="c">by Joanne Barkan ; [interior illustrations by Arvis Stewart].</subfield>
        </datafield>
        <datafield tag="260" ind1=" " ind2=" ">
            <subfield code="a">Milwaukee:</subfield>
            <subfield code="b">G. Stevens Pub.,</subfield>
            <subfield code="c">2000.</subfield>
        </datafield>
        <datafield tag="300" ind1=" " ind2=" ">
            <subfield code="a">164 p. :</subfield>
            <subfield code="b">ill. ;</subfield>
            <subfield code="c">24 cm.</subfield>
        </datafield>
        <datafield tag="500" ind1=" " ind2=" ">
            <subfield code="a">"Inspired by A Connecticut Yankee in King Arthur's Court by Mark Twain."</subfield>
        </datafield>
        <datafield tag="500" ind1=" " ind2=" ">
            <subfield code="a">Originally published: Allen, Tex. : Big Red Chair Books, c1998. (The adventures of Wishbone ; #15)</subfield>
        </datafield>
        <datafield tag="520" ind1=" " ind2=" ">
            <subfield code="a">When Joe and David decide to use a computer to publish a sports newsletter that will outshine the one that the school produces, Wishbone is reminded of Mark Twain's story and imagines himself as Hank Morgan, a nineteenth-century American who travels back in time to King Arthur's court.</subfield>
        </datafield>
        <datafield tag="600" ind1="0" ind2="1">
            <subfield code="a">Arthur, King</subfield>
            <subfield code="v">Fiction.</subfield>
        </datafield>
        <datafield tag="700" ind1="1" ind2=" ">
            <subfield code="a">Stewart, Arvis L.,</subfield>
            <subfield code="e">ill.</subfield>
        </datafield>
        <datafield tag="700" ind1="1" ind2=" ">
            <subfield code="a">Twain, Mark,</subfield>
            <subfield code="d">1835-1910.</subfield>
            <subfield code="t">Connecticut Yankee in King Arthur's court.</subfield>
        </datafield>
        <datafield tag="730" ind1="0" ind2=" ">
            <subfield code="a">Wishbone (Television program)</subfield>
        </datafield>
        <datafield tag="830" ind1=" " ind2="0">
            <subfield code="a">Adventures of Wishbone ;</subfield>
            <subfield code="v">#15.</subfield>
        </datafield>
    </record>