
    <record>
        <leader>00879cam a22002531i 4500</leader>
        <controlfield tag="001">8380890</controlfield>
        <controlfield tag="003">LC</controlfield>
        <controlfield tag="005">20090929134527.0</controlfield>
        <controlfield tag="008">790518s1953    ilua   j      000 1 eng  </controlfield>
        <datafield tag="010" ind1=" " ind2=" ">
            <subfield code="a">   53003897 </subfield>
        </datafield>
        <datafield tag="100" ind1="1" ind2=" ">
            <subfield code="a">Beals, Frank L.</subfield>
            <subfield code="q">(Frank Lee),</subfield>
            <subfield code="d">1881-1972.</subfield>
        </datafield>
        <datafield tag="245" ind1="1" ind2="4">
            <subfield code="a">The story of the prince and the pauper /</subfield>
            <subfield code="c">as adapted and retold by Frank L. Beals ; illustrations by E. E. King.</subfield>
        </datafield>
        <datafield tag="260" ind1=" " ind2=" ">
            <subfield code="a">Chicago :</subfield>
            <subfield code="b">H. Sanborn &amp; Co.,</subfield>
            <subfield code="c">1953.</subfield>
        </datafield>
        <datafield tag="300" ind1=" " ind2=" ">
            <subfield code="a">152 p.</subfield>
            <subfield code="b">ill. ;</subfield>
            <subfield code="c">21 cm.</subfield>
        </datafield>
        <datafield tag="490" ind1="0" ind2=" ">
            <subfield code="a">Famous story series.</subfield>
        </datafield>
        <datafield tag="700" ind1="1" ind2=" ">
            <subfield code="a">Twain, Mark,</subfield>
            <subfield code="d">1835-1910.</subfield>
            <subfield code="t">Prince and the pauper.</subfield>
        </datafield>
        <datafield tag="740" ind1="0" ind2=" ">
            <subfield code="a">Prince and the pauper.</subfield>
        </datafield>
    </record>