
    <record>
        <leader>01394cam a2200265u  4500</leader>
        <controlfield tag="001">7967607</controlfield>
        <controlfield tag="003">LC</controlfield>
        <controlfield tag="005">20050321094051.0</controlfield>
        <controlfield tag="008">831213s1925    pl            000 0 heb  </controlfield>
        <datafield tag="010" ind1=" " ind2=" ">
            <subfield code="a">   61057641 </subfield>
        </datafield>
        <datafield tag="100" ind1="1" ind2=" ">
            <subfield code="a">Berkman, Isaac. [from old catalog]</subfield>
        </datafield>
        <datafield tag="245" ind1="1" ind2="0">
            <subfield code="a">Maʹaseh be-ʻorekh shevuʻon ḥaklaʹi.</subfield>
        </datafield>
        <datafield tag="260" ind1=" " ind2=" ">
            <subfield code="a">[Warszawa]</subfield>
            <subfield code="c">1925.</subfield>
        </datafield>
        <datafield tag="300" ind1=" " ind2=" ">
            <subfield code="a">61 p.</subfield>
            <subfield code="c">21 cm.</subfield>
        </datafield>
        <datafield tag="500" ind1=" " ind2=" ">
            <subfield code="a">Romanized.</subfield>
        </datafield>
        <datafield tag="561" ind1=" " ind2=" ">
            <subfield code="a">Copy 1 of this book was presented to the Library of Congress by Jewish Cultural Reconstruction, Inc., a New York-based umbrella organization that served as a trusteeship for the Jewish people in the immediate aftermath of the Holocaust.  This organization distributed heirless and unidentifiable cultural materials to scholarly institutions in the United States, Israel, Europe, and Latin America.  It was added to the collection on Sept. 5, 1950.</subfield>
            <subfield code="5">DLC</subfield>
        </datafield>
        <datafield tag="700" ind1="1" ind2=" ">
            <subfield code="a">Twain, Mark,</subfield>
            <subfield code="d">1835-1910.</subfield>
            <subfield code="t">How I edited an agricultural paper once. [from old catalog]</subfield>
        </datafield>
        <datafield tag="710" ind1="2" ind2=" ">
            <subfield code="a">Holocaust-Era Judaic Heritage Library (Library of Congress. Hebraic Section)</subfield>
            <subfield code="5">DLC</subfield>
        </datafield>
        <datafield tag="710" ind1="2" ind2=" ">
            <subfield code="a">Jewish Cultural Reconstruction, Inc. (New York, N.Y.)</subfield>
            <subfield code="5">DLC</subfield>
        </datafield>
    </record>