
    <record>
        <leader>01589cam a2200349 a 4500</leader>
        <controlfield tag="001">4896381</controlfield>
        <controlfield tag="003">LC</controlfield>
        <controlfield tag="005">20221021134111.0</controlfield>
        <controlfield tag="008">930624s1876    nyuacf        000 0 eng  </controlfield>
        <datafield tag="010" ind1=" " ind2=" ">
            <subfield code="a">   93170302 </subfield>
        </datafield>
        <datafield tag="100" ind1="1" ind2=" ">
            <subfield code="a">Billings, Josh,</subfield>
            <subfield code="d">1818-1885.</subfield>
        </datafield>
        <datafield tag="240" ind1="1" ind2="0">
            <subfield code="a">Works.</subfield>
            <subfield code="f">1876</subfield>
        </datafield>
        <datafield tag="245" ind1="1" ind2="0">
            <subfield code="a">Josh Billings, his works, complete :</subfield>
            <subfield code="b">four volumes in one /</subfield>
            <subfield code="c">with one hundred illustrations by Thomas Nast and others ; and a biographical introduction.</subfield>
        </datafield>
        <datafield tag="260" ind1=" " ind2=" ">
            <subfield code="a">New York :</subfield>
            <subfield code="b">G.W. Carleton,</subfield>
            <subfield code="c">1876.</subfield>
        </datafield>
        <datafield tag="300" ind1=" " ind2=" ">
            <subfield code="a">504 p., [1] leaf of plates :</subfield>
            <subfield code="b">ill., 1 port. ;</subfield>
            <subfield code="c">20 cm.</subfield>
        </datafield>
        <datafield tag="500" ind1=" " ind2=" ">
            <subfield code="a">LC copy has presentation inscription from Josh Billings to Mark Twain, Sept. 25, 1876; Anderson Auction Co. Twain sale label, Feb. 1911; bookplate of William Harris Arnold; in protective quarter bound slip case.</subfield>
            <subfield code="5">DLC</subfield>
        </datafield>
        <datafield tag="500" ind1=" " ind2=" ">
            <subfield code="a">Source: Gift of Frances R. Friedman, June 15, 1992.</subfield>
            <subfield code="5">DLC</subfield>
        </datafield>
        <datafield tag="700" ind1="1" ind2=" ">
            <subfield code="a">Arnold, William Harris,</subfield>
            <subfield code="d">1874-1923,</subfield>
            <subfield code="e">former owner.</subfield>
        </datafield>
        <datafield tag="700" ind1="1" ind2=" ">
            <subfield code="a">Billings, Josh,</subfield>
            <subfield code="d">1818-1885,</subfield>
            <subfield code="e">inscriber.</subfield>
        </datafield>
        <datafield tag="700" ind1="1" ind2=" ">
            <subfield code="a">Nast, Thomas,</subfield>
            <subfield code="d">1840-1902.</subfield>
        </datafield>
        <datafield tag="700" ind1="1" ind2=" ">
            <subfield code="a">Twain, Mark,</subfield>
            <subfield code="d">1835-1910,</subfield>
            <subfield code="c">recipient,</subfield>
            <subfield code="e">addressee.</subfield>
        </datafield>
        <datafield tag="710" ind1="2" ind2=" ">
            <subfield code="a">Roy J. Friedman Mark Twain Collection (Library of Congress)</subfield>
            <subfield code="5">DLC</subfield>
        </datafield>
    </record>