
    <record>
        <leader>00751cam a22002415a 4500</leader>
        <controlfield tag="001">36724</controlfield>
        <controlfield tag="003">LC</controlfield>
        <controlfield tag="005">20150713133517.0</controlfield>
        <controlfield tag="008">910628s1990    nyu           000 0 eng  </controlfield>
        <datafield tag="010" ind1=" " ind2=" ">
            <subfield code="a">   91167402 </subfield>
        </datafield>
        <datafield tag="020" ind1=" " ind2=" ">
            <subfield code="a">057369172X</subfield>
        </datafield>
        <datafield tag="100" ind1="1" ind2=" ">
            <subfield code="a">Birney, David,</subfield>
            <subfield code="d">1939-</subfield>
        </datafield>
        <datafield tag="245" ind1="1" ind2="4">
            <subfield code="a">The diaries of Adam and Eve /</subfield>
            <subfield code="c">by Mark Twain ; adapted and edited by David Birney.</subfield>
        </datafield>
        <datafield tag="260" ind1=" " ind2=" ">
            <subfield code="a">New York :</subfield>
            <subfield code="b">S. French, Inc.,</subfield>
            <subfield code="c">c1990.</subfield>
        </datafield>
        <datafield tag="300" ind1=" " ind2=" ">
            <subfield code="a">38 p. ;</subfield>
            <subfield code="c">18 cm.</subfield>
        </datafield>
        <datafield tag="500" ind1=" " ind2=" ">
            <subfield code="a">"#6174."</subfield>
        </datafield>
        <datafield tag="700" ind1="1" ind2=" ">
            <subfield code="a">Twain, Mark,</subfield>
            <subfield code="d">1835-1910.</subfield>
            <subfield code="t">Diaries of Adam and Eve.</subfield>
        </datafield>
    </record>