
    <record>
        <leader>00966cam a22002893a 4500</leader>
        <controlfield tag="001">14504530</controlfield>
        <controlfield tag="003">LC</controlfield>
        <controlfield tag="005">20150713133509.0</controlfield>
        <controlfield tag="008">060817s2003    nyu           000 0 eng d</controlfield>
        <datafield tag="010" ind1=" " ind2=" ">
            <subfield code="a">  2006455200</subfield>
        </datafield>
        <datafield tag="020" ind1=" " ind2=" ">
            <subfield code="a">057369172X</subfield>
        </datafield>
        <datafield tag="097" ind1="1" ind2="4">
            <subfield code="a">PS3552.I7572</subfield>
            <subfield code="b">D53 2003</subfield>
        </datafield>
        <datafield tag="100" ind1="1" ind2=" ">
            <subfield code="a">Birney, David,</subfield>
            <subfield code="d">1939-</subfield>
        </datafield>
        <datafield tag="245" ind1="1" ind2="0">
            <subfield code="a">Mark Twain's The diaries of Adam and Eve /</subfield>
            <subfield code="c">[by Mark Twain] ; edited and adapted for the stage by David Birney.</subfield>
        </datafield>
        <datafield tag="246" ind1="3" ind2=" ">
            <subfield code="a">Diaries of Adam and Eve.</subfield>
        </datafield>
        <datafield tag="260" ind1=" " ind2=" ">
            <subfield code="a">New York ;</subfield>
            <subfield code="a">London :</subfield>
            <subfield code="b">French,</subfield>
            <subfield code="c">c2003.</subfield>
        </datafield>
        <datafield tag="300" ind1=" " ind2=" ">
            <subfield code="a">42 p. ;</subfield>
            <subfield code="c">18 cm.</subfield>
        </datafield>
        <datafield tag="700" ind1="1" ind2=" ">
            <subfield code="a">Twain, Mark,</subfield>
            <subfield code="d">1835-1910.</subfield>
        </datafield>
    </record>