
    <record>
        <leader>03477cjm a2200661 i 4500</leader>
        <controlfield tag="001">18159132</controlfield>
        <controlfield tag="003">LC</controlfield>
        <controlfield tag="005">20230908172620.0</controlfield>
        <controlfield tag="007">sd fsngnnmmnee</controlfield>
        <controlfield tag="008">140521r19921966nyumcn|  iz       | eng d</controlfield>
        <datafield tag="010" ind1=" " ind2=" ">
            <subfield code="a">  2014619214</subfield>
        </datafield>
        <datafield tag="024" ind1="1" ind2=" ">
            <subfield code="a">074644820928</subfield>
        </datafield>
        <datafield tag="028" ind1="0" ind2="2">
            <subfield code="a">SK 48209</subfield>
            <subfield code="b">Sony Broadway</subfield>
        </datafield>
        <datafield tag="033" ind1="0" ind2=" ">
            <subfield code="a">19661023</subfield>
            <subfield code="b">3804</subfield>
            <subfield code="c">N4</subfield>
        </datafield>
        <datafield tag="041" ind1="0" ind2=" ">
            <subfield code="d">eng</subfield>
            <subfield code="g">eng</subfield>
            <subfield code="g">ger</subfield>
            <subfield code="g">fre</subfield>
            <subfield code="g">ita</subfield>
            <subfield code="m">eng</subfield>
        </datafield>
        <datafield tag="045" ind1="0" ind2=" ">
            <subfield code="b">d1966</subfield>
        </datafield>
        <datafield tag="100" ind1="1" ind2=" ">
            <subfield code="a">Bock, Jerry,</subfield>
            <subfield code="e">composer,</subfield>
            <subfield code="e">librettist.</subfield>
        </datafield>
        <datafield tag="245" ind1="1" ind2="4">
            <subfield code="a">The apple tree :</subfield>
            <subfield code="b">original Broadway cast /</subfield>
            <subfield code="c">music by Jerry Bock ; lyrics by Sheldon Harnick ; book by Sheldon Harnick and Jerry Bock.</subfield>
        </datafield>
        <datafield tag="264" ind1=" " ind2="1">
            <subfield code="a">New York, NY :</subfield>
            <subfield code="b">Sony Broadway,</subfield>
            <subfield code="c">[1992]</subfield>
        </datafield>
        <datafield tag="264" ind1=" " ind2="4">
            <subfield code="c">℗1992</subfield>
        </datafield>
        <datafield tag="300" ind1=" " ind2=" ">
            <subfield code="a">1 audio disc (56 min.) :</subfield>
            <subfield code="b">digital ;</subfield>
            <subfield code="c">4 3/4 in.</subfield>
        </datafield>
        <datafield tag="306" ind1=" " ind2=" ">
            <subfield code="a">005600</subfield>
        </datafield>
        <datafield tag="336" ind1=" " ind2=" ">
            <subfield code="a">performed music</subfield>
            <subfield code="b">prm</subfield>
            <subfield code="2">rdacontent</subfield>
        </datafield>
        <datafield tag="337" ind1=" " ind2=" ">
            <subfield code="a">audio</subfield>
            <subfield code="b">s</subfield>
            <subfield code="2">rdamedia</subfield>
        </datafield>
        <datafield tag="338" ind1=" " ind2=" ">
            <subfield code="a">audio disc</subfield>
            <subfield code="b">sd</subfield>
            <subfield code="2">rdacarrier</subfield>
        </datafield>
        <datafield tag="344" ind1=" " ind2=" ">
            <subfield code="a">digital</subfield>
            <subfield code="2">rdatr</subfield>
        </datafield>
        <datafield tag="344" ind1=" " ind2=" ">
            <subfield code="b">optical</subfield>
            <subfield code="2">rdarm</subfield>
        </datafield>
        <datafield tag="344" ind1=" " ind2=" ">
            <subfield code="g">stereo</subfield>
            <subfield code="2">rdacpc</subfield>
        </datafield>
        <datafield tag="347" ind1=" " ind2=" ">
            <subfield code="a">audio file</subfield>
            <subfield code="2">rdaft</subfield>
        </datafield>
        <datafield tag="347" ind1=" " ind2=" ">
            <subfield code="b">CD audio</subfield>
        </datafield>
        <datafield tag="500" ind1=" " ind2=" ">
            <subfield code="a">"Consists of previously released material"--Container.</subfield>
        </datafield>
        <datafield tag="500" ind1=" " ind2=" ">
            <subfield code="a">Based on stories by Mark Twain (The diary of Adam and Eve), Frank R. Stockton (The lady or the tiger?) &amp; Jules Feiffer.</subfield>
        </datafield>
        <datafield tag="500" ind1=" " ind2=" ">
            <subfield code="a">Program notes and synopsis by Marc Kirkeby, in English with German, French, and Italian translations (41 pages : portraits) inserted in container.</subfield>
        </datafield>
        <datafield tag="500" ind1=" " ind2=" ">
            <subfield code="a">Title from disc label.</subfield>
        </datafield>
        <datafield tag="505" ind1="0" ind2="0">
            <subfield code="t">The diary of Adam and Eve.</subfield>
            <subfield code="t">Eden prelude ;</subfield>
            <subfield code="t">Here in Eden ;</subfield>
            <subfield code="t">Feelings ;</subfield>
            <subfield code="t">Eve ;</subfield>
            <subfield code="t">Friends ;</subfield>
            <subfield code="t">The apple tree (Forbidden fruit) ;</subfield>
            <subfield code="t">Beautiful, beautiful world ;</subfield>
            <subfield code="t">It's a fish ;</subfield>
            <subfield code="t">Go to sleep, whatever you are ;</subfield>
            <subfield code="t">What makes me love him? ;</subfield>
            <subfield code="t">Eden postlude --</subfield>
            <subfield code="t">The lady or the tiger?</subfield>
            <subfield code="t">Prelude ;</subfield>
            <subfield code="t">I'll tell you a truth ;</subfield>
            <subfield code="t">Make way ;</subfield>
            <subfield code="t">Forbidden love (In Gaul) ;</subfield>
            <subfield code="t">The apple tree (reprise) ;</subfield>
            <subfield code="t">I've got what you want ;</subfield>
            <subfield code="t">Tiger, tiger ;</subfield>
            <subfield code="t">Make way (reprise) ;</subfield>
            <subfield code="t">Which door? ;</subfield>
            <subfield code="t">I'll tell you a truth (reprise) --</subfield>
            <subfield code="t">Passionella.</subfield>
            <subfield code="t">Prelude ;</subfield>
            <subfield code="t">Oh, to be a movie star ;</subfield>
            <subfield code="t">Gorgeous ;</subfield>
            <subfield code="t">(Who, who, who, who) Who is she? ;</subfield>
            <subfield code="t">I know ;</subfield>
            <subfield code="t">Wealth ;</subfield>
            <subfield code="t">You are not real ;</subfield>
            <subfield code="g">Postlude ; Finale.</subfield>
        </datafield>
        <datafield tag="511" ind1="0" ind2=" ">
            <subfield code="a">Barbara Harris, Larry Blyden, Alan Alda, Marc Jordan, vocal soloists ; additional assisting musicians ; Elliot Lawrence, musical director.</subfield>
        </datafield>
        <datafield tag="518" ind1=" " ind2=" ">
            <subfield code="o">Recorded</subfield>
            <subfield code="d">1966 October 23</subfield>
            <subfield code="p">at Columbia Records 30th Street Studio, New York City.</subfield>
        </datafield>
        <datafield tag="700" ind1="1" ind2=" ">
            <subfield code="a">Alda, Alan,</subfield>
            <subfield code="d">1936-</subfield>
            <subfield code="e">performer.</subfield>
        </datafield>
        <datafield tag="700" ind1="1" ind2=" ">
            <subfield code="a">Blyden, Larry,</subfield>
            <subfield code="d">1925-1975,</subfield>
            <subfield code="e">performer.</subfield>
        </datafield>
        <datafield tag="700" ind1="1" ind2=" ">
            <subfield code="a">Feiffer, Jules,</subfield>
            <subfield code="e">author.</subfield>
        </datafield>
        <datafield tag="700" ind1="1" ind2=" ">
            <subfield code="a">Harnick, Sheldon,</subfield>
            <subfield code="e">lyricist,</subfield>
            <subfield code="e">librettist.</subfield>
        </datafield>
        <datafield tag="700" ind1="1" ind2=" ">
            <subfield code="a">Harris, Barbara,</subfield>
            <subfield code="d">1935-2018,</subfield>
            <subfield code="e">performer.</subfield>
        </datafield>
        <datafield tag="700" ind1="1" ind2=" ">
            <subfield code="a">Jordan, Marc,</subfield>
            <subfield code="e">performer.</subfield>
        </datafield>
        <datafield tag="700" ind1="1" ind2=" ">
            <subfield code="a">Lawrence, Elliot,</subfield>
            <subfield code="d">1925-2021,</subfield>
            <subfield code="e">conductor.</subfield>
        </datafield>
        <datafield tag="700" ind1="1" ind2=" ">
            <subfield code="a">Stockton, Frank R.,</subfield>
            <subfield code="d">1834-1902,</subfield>
            <subfield code="e">author.</subfield>
        </datafield>
        <datafield tag="700" ind1="1" ind2=" ">
            <subfield code="a">Twain, Mark,</subfield>
            <subfield code="d">1835-1910,</subfield>
            <subfield code="e">author.</subfield>
        </datafield>
        <datafield tag="700" ind1="1" ind2=" ">
            <subfield code="i">Musical theatre adaptation of (work):</subfield>
            <subfield code="a">Twain, Mark,</subfield>
            <subfield code="d">1835-1910.</subfield>
            <subfield code="t">Extracts from Adam's diary.</subfield>
        </datafield>
    </record>