
    <record>
        <leader>01204cam a22002771  4500</leader>
        <controlfield tag="001">7950969</controlfield>
        <controlfield tag="003">LC</controlfield>
        <controlfield tag="005">20050809181815.0</controlfield>
        <controlfield tag="008">750825s1960    miuc         s000 0 eng  </controlfield>
        <datafield tag="010" ind1=" " ind2=" ">
            <subfield code="a">   59015221 </subfield>
        </datafield>
        <datafield tag="100" ind1="1" ind2=" ">
            <subfield code="a">Cable, George Washington,</subfield>
            <subfield code="d">1844-1925.</subfield>
        </datafield>
        <datafield tag="245" ind1="1" ind2="0">
            <subfield code="a">Mark Twain [and] G. W. Cable;</subfield>
            <subfield code="b">the record of a literary friendship</subfield>
            <subfield code="c">[by] Arlin Turner.</subfield>
        </datafield>
        <datafield tag="260" ind1=" " ind2=" ">
            <subfield code="a">[East Lansing]</subfield>
            <subfield code="b">Michigan State University Press,</subfield>
            <subfield code="c">1960.</subfield>
        </datafield>
        <datafield tag="300" ind1=" " ind2=" ">
            <subfield code="a">xi, 141 p.</subfield>
            <subfield code="b">group port.</subfield>
            <subfield code="c">22 cm.</subfield>
        </datafield>
        <datafield tag="500" ind1=" " ind2=" ">
            <subfield code="a">"Cable's letters written during the ... reading tour with Mark Twain, supplemented by some of the letters, not previously published, which Mark Twain wrote Major Pond at the time; ... also a few earlier and later letters and other pieces Cable wrote about his friend."</subfield>
        </datafield>
        <datafield tag="504" ind1=" " ind2=" ">
            <subfield code="a">Bibliographical references included in "Notes" (p. 137-141)</subfield>
        </datafield>
        <datafield tag="700" ind1="1" ind2=" ">
            <subfield code="a">Turner, Arlin,</subfield>
            <subfield code="e">ed.</subfield>
        </datafield>
        <datafield tag="700" ind1="1" ind2=" ">
            <subfield code="a">Twain, Mark,</subfield>
            <subfield code="d">1835-1910</subfield>
        </datafield>
    </record>