
    <record>
        <leader>00762cam a2200229u  4500</leader>
        <controlfield tag="001">8231658</controlfield>
        <controlfield tag="003">LC</controlfield>
        <controlfield tag="005">20130510095804.0</controlfield>
        <controlfield tag="008">810915s1910    cau           000 0 eng  </controlfield>
        <datafield tag="010" ind1=" " ind2=" ">
            <subfield code="a">   12025287 </subfield>
        </datafield>
        <datafield tag="110" ind1="1" ind2=" ">
            <subfield code="a">California.</subfield>
            <subfield code="b">Department of Public Instruction.</subfield>
        </datafield>
        <datafield tag="245" ind1="1" ind2="2">
            <subfield code="a">A Calaveras evening with Mark Twain and Bret Harte:</subfield>
        </datafield>
        <datafield tag="260" ind1=" " ind2=" ">
            <subfield code="a">[Sacramento,</subfield>
            <subfield code="b">W. W. Shannon, supt. state printing,</subfield>
            <subfield code="c">1910]</subfield>
        </datafield>
        <datafield tag="300" ind1=" " ind2=" ">
            <subfield code="a">cover-title, 8 p.</subfield>
            <subfield code="c">22 cm.</subfield>
        </datafield>
        <datafield tag="700" ind1="1" ind2=" ">
            <subfield code="a">Harte, Bret,</subfield>
            <subfield code="d">1836-1902.</subfield>
        </datafield>
        <datafield tag="700" ind1="1" ind2=" ">
            <subfield code="a">Hyatt, Edward. [from old catalog]</subfield>
        </datafield>
        <datafield tag="700" ind1="1" ind2=" ">
            <subfield code="a">Twain, Mark,</subfield>
            <subfield code="d">1835-1910.</subfield>
        </datafield>
    </record>