
    <record>
        <leader>01156cam a22003131  4500</leader>
        <controlfield tag="001">6572301</controlfield>
        <controlfield tag="003">LC</controlfield>
        <controlfield tag="005">20010424112342.0</controlfield>
        <controlfield tag="008">720327s1963    nyua     b    000 0 eng  </controlfield>
        <datafield tag="010" ind1=" " ind2=" ">
            <subfield code="a">   63010545 </subfield>
        </datafield>
        <datafield tag="082" ind1=" " ind2=" ">
            <subfield code="a">818.4</subfield>
        </datafield>
        <datafield tag="100" ind1="1" ind2=" ">
            <subfield code="a">Camp, James,</subfield>
            <subfield code="e">ed.</subfield>
        </datafield>
        <datafield tag="245" ind1="1" ind2="0">
            <subfield code="a">Mark Twain's frontier;</subfield>
            <subfield code="b">a textbook of primary source materials for student research and writing</subfield>
            <subfield code="c">[by] James E. Camp [and] X. J. Kennedy.</subfield>
        </datafield>
        <datafield tag="260" ind1=" " ind2=" ">
            <subfield code="a">New York,</subfield>
            <subfield code="b">Holt, Rinehart and Winston</subfield>
            <subfield code="c">[1963]</subfield>
        </datafield>
        <datafield tag="300" ind1=" " ind2=" ">
            <subfield code="a">269 p.</subfield>
            <subfield code="b">illus.</subfield>
            <subfield code="c">21 cm.</subfield>
        </datafield>
        <datafield tag="500" ind1=" " ind2=" ">
            <subfield code="a">"Mark Twain speaks for himself": p. 3-136.</subfield>
        </datafield>
        <datafield tag="504" ind1=" " ind2=" ">
            <subfield code="a">Includes bibliography.</subfield>
        </datafield>
        <datafield tag="600" ind1="1" ind2="0">
            <subfield code="a">Twain, Mark,</subfield>
            <subfield code="d">1835-1910</subfield>
            <subfield code="x">Homes and haunts</subfield>
            <subfield code="z">West (U.S.)</subfield>
        </datafield>
        <datafield tag="700" ind1="1" ind2=" ">
            <subfield code="a">Kennedy, X. J.,</subfield>
            <subfield code="e">joint ed.</subfield>
        </datafield>
        <datafield tag="700" ind1="1" ind2=" ">
            <subfield code="a">Twain, Mark,</subfield>
            <subfield code="d">1835-1910</subfield>
        </datafield>
    </record>