
    <record>
        <leader>00909cam a22002531  4500</leader>
        <controlfield tag="001">5967285</controlfield>
        <controlfield tag="003">LC</controlfield>
        <controlfield tag="005">20050910205951.0</controlfield>
        <controlfield tag="008">790302s1938    nyu           000 1 eng  </controlfield>
        <datafield tag="010" ind1=" " ind2=" ">
            <subfield code="a">   38020218 </subfield>
        </datafield>
        <datafield tag="082" ind1=" " ind2=" ">
            <subfield code="a">812.5</subfield>
        </datafield>
        <datafield tag="100" ind1="1" ind2=" ">
            <subfield code="a">Chorpenning, Charlotte B.</subfield>
            <subfield code="q">(Charlotte Barrows)</subfield>
        </datafield>
        <datafield tag="245" ind1="1" ind2="4">
            <subfield code="a">The prince and the pauper,</subfield>
            <subfield code="b">romantic play in 3 acts, dramatized from Samuel L. Clemens' novel of the same name,</subfield>
            <subfield code="c">by Charlotte B. Chorpenning.</subfield>
        </datafield>
        <datafield tag="260" ind1=" " ind2=" ">
            <subfield code="a">New York,</subfield>
            <subfield code="b">Dramatists play service, inc.,</subfield>
            <subfield code="c">1938.</subfield>
        </datafield>
        <datafield tag="300" ind1=" " ind2=" ">
            <subfield code="a">86 p.</subfield>
            <subfield code="b">diagrs.</subfield>
            <subfield code="c">19 cm.</subfield>
        </datafield>
        <datafield tag="700" ind1="1" ind2=" ">
            <subfield code="a">Twain, Mark,</subfield>
            <subfield code="d">1835-1910.</subfield>
            <subfield code="t">Prince and the pauper.</subfield>
        </datafield>
    </record>