
    <record>
        <leader>02152cam a2200469 a 4500</leader>
        <controlfield tag="001">4053852</controlfield>
        <controlfield tag="003">LC</controlfield>
        <controlfield tag="005">20210505134046.0</controlfield>
        <controlfield tag="008">940823s1931    nyuacf        000 0beng  </controlfield>
        <datafield tag="010" ind1=" " ind2=" ">
            <subfield code="a">   31029143 </subfield>
        </datafield>
        <datafield tag="043" ind1=" " ind2=" ">
            <subfield code="a">n-us---</subfield>
        </datafield>
        <datafield tag="051" ind1=" " ind2=" ">
            <subfield code="a">PS1331</subfield>
            <subfield code="b">.C4 1931c</subfield>
            <subfield code="c">Another impression. "Fourth printing." Author's presentation copy to Cyril Clemens. Gift of the Intl. Mark Twain Society, Jan. 2, 1934.</subfield>
        </datafield>
        <datafield tag="051" ind1=" " ind2=" ">
            <subfield code="a">PS1331</subfield>
            <subfield code="b">.C4 Copy 3</subfield>
            <subfield code="c">Copy 3. Family photo, interview with author laid in. Gift of Frances R. Friedman, June 15, 1992.</subfield>
        </datafield>
        <datafield tag="100" ind1="1" ind2=" ">
            <subfield code="a">Clemens, Clara.</subfield>
        </datafield>
        <datafield tag="245" ind1="1" ind2="0">
            <subfield code="a">My father, Mark Twain /</subfield>
            <subfield code="c">by Clara Clemens ; illustrated from family photographs ; with hitherto unpublished letters of Mark Twain.</subfield>
        </datafield>
        <datafield tag="250" ind1=" " ind2=" ">
            <subfield code="a">1st ed.</subfield>
        </datafield>
        <datafield tag="260" ind1=" " ind2=" ">
            <subfield code="a">New York :</subfield>
            <subfield code="b">Harper &amp; Bros.,</subfield>
            <subfield code="c">1931.</subfield>
        </datafield>
        <datafield tag="300" ind1=" " ind2=" ">
            <subfield code="a">vii, 292 p., [8] leaves of plates :</subfield>
            <subfield code="b">1 ill., ports. ;</subfield>
            <subfield code="c">25 cm.</subfield>
        </datafield>
        <datafield tag="600" ind1="1" ind2="0">
            <subfield code="a">Twain, Mark,</subfield>
            <subfield code="d">1835-1910.</subfield>
            <subfield code="t">Correspondence.</subfield>
        </datafield>
        <datafield tag="600" ind1="1" ind2="0">
            <subfield code="a">Twain, Mark,</subfield>
            <subfield code="d">1835-1910.</subfield>
            <subfield code="x">Family.</subfield>
        </datafield>
        <datafield tag="700" ind1="1" ind2=" ">
            <subfield code="a">Clemens, Cyril,‏ ‎</subfield>
            <subfield code="d">1902-1999.</subfield>
            <subfield code="5">DLC‏</subfield>
        </datafield>
        <datafield tag="700" ind1="1" ind2=" ">
            <subfield code="a">Twain, Mark,</subfield>
            <subfield code="d">1835-1910.</subfield>
            <subfield code="t">Correspondence.</subfield>
            <subfield code="k">Selections.</subfield>
        </datafield>
        <datafield tag="710" ind1="2" ind2=" ">
            <subfield code="a">International Mark Twain Society Collection (Library of Congress)</subfield>
            <subfield code="5">DLC</subfield>
        </datafield>
        <datafield tag="710" ind1="2" ind2=" ">
            <subfield code="a">Roy J. Friedman Mark Twain Collection (Library of Congress)</subfield>
            <subfield code="5">DLC</subfield>
        </datafield>
    </record>