
    <record>
        <leader>01576cpcaa2200373 i 4500</leader>
        <controlfield tag="001">5803397</controlfield>
        <controlfield tag="003">LC</controlfield>
        <controlfield tag="005">20161007081855.0</controlfield>
        <controlfield tag="008">791120||||||||||||                 eng  </controlfield>
        <datafield tag="010" ind1=" " ind2=" ">
            <subfield code="a">mm 79000946 </subfield>
        </datafield>
        <datafield tag="024" ind1="7" ind2=" ">
            <subfield code="a">MSS946</subfield>
            <subfield code="2">lcmd</subfield>
        </datafield>
        <datafield tag="072" ind1=" " ind2="7">
            <subfield code="a">L</subfield>
            <subfield code="2">lcmd</subfield>
        </datafield>
        <datafield tag="090" ind1=" " ind2=" ">
            <subfield code="a">MMC</subfield>
        </datafield>
        <datafield tag="100" ind1="1" ind2=" ">
            <subfield code="a">Clemens, Samuel Langhorne,</subfield>
            <subfield code="d">1835-1910.</subfield>
        </datafield>
        <datafield tag="245" ind1="0" ind2="0">
            <subfield code="a">Samuel Langhorne Clemens papers,</subfield>
            <subfield code="f">1859-1947.</subfield>
        </datafield>
        <datafield tag="300" ind1=" " ind2=" ">
            <subfield code="a">18</subfield>
            <subfield code="f">items.</subfield>
        </datafield>
        <datafield tag="506" ind1="0" ind2=" ">
            <subfield code="a">Open to research.</subfield>
        </datafield>
        <datafield tag="520" ind1="8" ind2=" ">
            <subfield code="a">ALsS (1874-1901) from Clemens to various individuals, manuscript page from The Gilded Age: A Tale of Today (1874), and an autographed photograph (1908).  Also includes photoreproductions of certificates, correspondence concerning Clemens (Clements) family genealogy, and printed material.</subfield>
        </datafield>
        <datafield tag="541" ind1=" " ind2=" ">
            <subfield code="c">Gifts, transfer, and purchase,</subfield>
            <subfield code="d">1917-1996.</subfield>
        </datafield>
        <datafield tag="545" ind1="0" ind2=" ">
            <subfield code="a">Author and humorist.</subfield>
        </datafield>
        <datafield tag="546" ind1=" " ind2=" ">
            <subfield code="a">Collection material in English.</subfield>
        </datafield>
        <datafield tag="580" ind1=" " ind2=" ">
            <subfield code="a">Forms part of: Miscellaneous Manuscripts collection.</subfield>
        </datafield>
        <datafield tag="600" ind1="3" ind2="0">
            <subfield code="a">Clements family.</subfield>
        </datafield>
        <datafield tag="700" ind1="1" ind2=" ">
            <subfield code="a">Twain, Mark,</subfield>
            <subfield code="d">1835-1910.</subfield>
            <subfield code="t">Mark Twain papers.</subfield>
            <subfield code="f">1859-1947.</subfield>
        </datafield>
    </record>