
    <record>
        <leader>01523cam a2200373 a 4500</leader>
        <controlfield tag="001">4750174</controlfield>
        <controlfield tag="003">LC</controlfield>
        <controlfield tag="005">20180518170427.0</controlfield>
        <controlfield tag="008">850320s1985    nyu           000 0beng  </controlfield>
        <datafield tag="010" ind1=" " ind2=" ">
            <subfield code="a">   85006782 </subfield>
        </datafield>
        <datafield tag="020" ind1=" " ind2=" ">
            <subfield code="a">0385232454 :</subfield>
            <subfield code="c">$15.95</subfield>
        </datafield>
        <datafield tag="082" ind1="0" ind2="0">
            <subfield code="a">818/.409</subfield>
            <subfield code="a">B</subfield>
            <subfield code="a">92</subfield>
            <subfield code="2">19</subfield>
        </datafield>
        <datafield tag="100" ind1="1" ind2=" ">
            <subfield code="a">Clemens, Susy,</subfield>
            <subfield code="d">1872-1896.</subfield>
        </datafield>
        <datafield tag="245" ind1="1" ind2="0">
            <subfield code="a">Papa, an intimate biography of Mark Twain /</subfield>
            <subfield code="c">by Susy Clemens, his daughter, thirteen ; with a foreword and copious comments by her father ; edited with an introduction by Charles Neider.</subfield>
        </datafield>
        <datafield tag="260" ind1=" " ind2=" ">
            <subfield code="a">Garden City, N.Y. :</subfield>
            <subfield code="b">Doubleday,</subfield>
            <subfield code="c">1985.</subfield>
        </datafield>
        <datafield tag="300" ind1=" " ind2=" ">
            <subfield code="a">xiv, 236 p. ;</subfield>
            <subfield code="c">22 cm.</subfield>
        </datafield>
        <datafield tag="500" ind1=" " ind2=" ">
            <subfield code="a">"Now published in its entirety for the first time a century later."</subfield>
        </datafield>
        <datafield tag="520" ind1=" " ind2=" ">
            <subfield code="a">A biography of Twain written by his daughter Susy when she was thirteen and he was fifty. Includes correspondence between the two.</subfield>
        </datafield>
        <datafield tag="600" ind1="1" ind2="0">
            <subfield code="a">Twain, Mark,</subfield>
            <subfield code="d">1835-1910</subfield>
            <subfield code="x">Family.</subfield>
        </datafield>
        <datafield tag="600" ind1="1" ind2="1">
            <subfield code="a">Clemens, Susy,</subfield>
            <subfield code="d">1872-1896.</subfield>
        </datafield>
        <datafield tag="600" ind1="1" ind2="1">
            <subfield code="a">Twain, Mark,</subfield>
            <subfield code="d">1835-1910.</subfield>
        </datafield>
        <datafield tag="700" ind1="1" ind2=" ">
            <subfield code="a">Neider, Charles,</subfield>
            <subfield code="d">1915-2001.</subfield>
        </datafield>
        <datafield tag="700" ind1="1" ind2=" ">
            <subfield code="a">Twain, Mark,</subfield>
            <subfield code="d">1835-1910.</subfield>
        </datafield>
    </record>