
    <record>
        <leader>00757ccm a2200229ui 4500</leader>
        <controlfield tag="001">7088452</controlfield>
        <controlfield tag="003">LC</controlfield>
        <controlfield tag="005">20160525073253.0</controlfield>
        <controlfield tag="008">830721s1968    enk||||        n  | eng  </controlfield>
        <datafield tag="010" ind1=" " ind2=" ">
            <subfield code="a">   68050994 </subfield>
        </datafield>
        <datafield tag="100" ind1="1" ind2=" ">
            <subfield code="a">Dankworth, John.</subfield>
        </datafield>
        <datafield tag="245" ind1="1" ind2="0">
            <subfield code="a">Tom Sawyer's Saturday,</subfield>
            <subfield code="b">for narrator and orchestra.</subfield>
        </datafield>
        <datafield tag="260" ind1=" " ind2=" ">
            <subfield code="a">[London]</subfield>
            <subfield code="b">Oxford University Press</subfield>
            <subfield code="c">[1968]</subfield>
        </datafield>
        <datafield tag="300" ind1=" " ind2=" ">
            <subfield code="a">score (56 p.) and parts.</subfield>
            <subfield code="c">31 cm.</subfield>
        </datafield>
        <datafield tag="700" ind1="1" ind2=" ">
            <subfield code="a">Twain, Mark,</subfield>
            <subfield code="d">1835-1910.</subfield>
            <subfield code="t">Tom Sawyer's Saturday. [from old catalog]</subfield>
        </datafield>
    </record>