
    <record>
        <leader>01106cam a2200301 a 4500</leader>
        <controlfield tag="001">3046855</controlfield>
        <controlfield tag="003">LC</controlfield>
        <controlfield tag="005">20000322115114.0</controlfield>
        <controlfield tag="008">951120s1994    nhua     bc   100 0 eng  </controlfield>
        <datafield tag="010" ind1=" " ind2=" ">
            <subfield code="a">   95224997 </subfield>
        </datafield>
        <datafield tag="043" ind1=" " ind2=" ">
            <subfield code="a">n-us-nh</subfield>
        </datafield>
        <datafield tag="082" ind1="0" ind2="0">
            <subfield code="a">016.818/409</subfield>
            <subfield code="2">20</subfield>
        </datafield>
        <datafield tag="110" ind1="2" ind2=" ">
            <subfield code="a">Dartmouth College.</subfield>
            <subfield code="b">Library.</subfield>
        </datafield>
        <datafield tag="245" ind1="1" ind2="4">
            <subfield code="a">The legacy of Mark Twain :</subfield>
            <subfield code="b">an exhibition in memory of Edward J. Willi, class of 1924, trustee of the Mark Twain Foundation.</subfield>
        </datafield>
        <datafield tag="260" ind1=" " ind2=" ">
            <subfield code="a">Hanover, N.H. :</subfield>
            <subfield code="b">Dartmouth College Library,</subfield>
            <subfield code="c">1994.</subfield>
        </datafield>
        <datafield tag="300" ind1=" " ind2=" ">
            <subfield code="a">67 p. :</subfield>
            <subfield code="b">ill. ;</subfield>
            <subfield code="c">23 cm.</subfield>
        </datafield>
        <datafield tag="600" ind1="1" ind2="0">
            <subfield code="a">Twain, Mark,</subfield>
            <subfield code="d">1835-1910</subfield>
            <subfield code="x">Bibliography</subfield>
            <subfield code="v">Exhibitions.</subfield>
        </datafield>
        <datafield tag="610" ind1="2" ind2="0">
            <subfield code="a">Dartmouth College.</subfield>
            <subfield code="b">Library</subfield>
            <subfield code="v">Exhibitions.</subfield>
        </datafield>
        <datafield tag="700" ind1="1" ind2=" ">
            <subfield code="a">Twain, Mark,</subfield>
            <subfield code="d">1835-1910.</subfield>
        </datafield>
        <datafield tag="700" ind1="1" ind2=" ">
            <subfield code="a">Willi, Edward J.</subfield>
        </datafield>
    </record>