
    <record>
        <leader>01968cam a2200445 a 4500</leader>
        <controlfield tag="001">3581193</controlfield>
        <controlfield tag="003">LC</controlfield>
        <controlfield tag="005">20200114065410.0</controlfield>
        <controlfield tag="008">940824s1934    nyucfh        000 0 eng  </controlfield>
        <datafield tag="010" ind1=" " ind2=" ">
            <subfield code="a">   34002600 </subfield>
        </datafield>
        <datafield tag="043" ind1=" " ind2=" ">
            <subfield code="a">n-us---</subfield>
        </datafield>
        <datafield tag="051" ind1=" " ind2=" ">
            <subfield code="a">PS1331</subfield>
            <subfield code="b">.D37 Copy 3</subfield>
            <subfield code="c">Copy 3. No. 123, in a slipcase. Gift of Frances R. Friedman, June 15, 1992.</subfield>
        </datafield>
        <datafield tag="100" ind1="1" ind2=" ">
            <subfield code="a">De Casseres, Benjamin,</subfield>
            <subfield code="d">1873-1945.</subfield>
        </datafield>
        <datafield tag="245" ind1="1" ind2="0">
            <subfield code="a">When Huck Finn went highbrow /</subfield>
            <subfield code="c">by Benjamin DeCasseres.</subfield>
        </datafield>
        <datafield tag="260" ind1=" " ind2=" ">
            <subfield code="a">New York :</subfield>
            <subfield code="b">Thomas F. Madigan,</subfield>
            <subfield code="c">1934</subfield>
            <subfield code="e">(Portland, Me. :</subfield>
            <subfield code="f">Southworth Press)</subfield>
        </datafield>
        <datafield tag="300" ind1=" " ind2=" ">
            <subfield code="a">[21] p., [3] leaves of plates :</subfield>
            <subfield code="b">1 facsim.,1 port. ;</subfield>
            <subfield code="c">24 cm.</subfield>
        </datafield>
        <datafield tag="500" ind1=" " ind2=" ">
            <subfield code="a">"One hundred and twenty-five copies ... printed ... December, 1933"--Colophon.</subfield>
        </datafield>
        <datafield tag="500" ind1=" " ind2=" ">
            <subfield code="a">An essay inspired by the letter written by Mark Twain to Mary H. Foote, Dec. 2, 1887, telling of his class in Browning, together with a facsimile and printed text of the letter.</subfield>
        </datafield>
        <datafield tag="500" ind1=" " ind2=" ">
            <subfield code="a">LC has unnumbered copy.</subfield>
            <subfield code="5">DLC</subfield>
        </datafield>
        <datafield tag="500" ind1=" " ind2=" ">
            <subfield code="a">Source: Copyright deposit, Jan. 12, 1934.</subfield>
            <subfield code="5">DLC</subfield>
        </datafield>
        <datafield tag="600" ind1="1" ind2="0">
            <subfield code="a">Browning, Robert,</subfield>
            <subfield code="d">1812-1889.</subfield>
        </datafield>
        <datafield tag="600" ind1="1" ind2="0">
            <subfield code="a">Finn, Huckleberry</subfield>
            <subfield code="c">(Fictitious character)</subfield>
        </datafield>
        <datafield tag="600" ind1="1" ind2="0">
            <subfield code="a">Foote, Mary Hallock,</subfield>
            <subfield code="d">1847-1938</subfield>
            <subfield code="v">Correspondence.</subfield>
        </datafield>
        <datafield tag="600" ind1="1" ind2="0">
            <subfield code="a">Twain, Mark,</subfield>
            <subfield code="d">1835-1910</subfield>
            <subfield code="v">Correspondence.</subfield>
        </datafield>
        <datafield tag="700" ind1="1" ind2=" ">
            <subfield code="a">Twain, Mark,</subfield>
            <subfield code="d">1835-1910.</subfield>
        </datafield>
        <datafield tag="710" ind1="2" ind2=" ">
            <subfield code="a">Roy J. Friedman Mark Twain Collection (Library of Congress)</subfield>
            <subfield code="5">DLC</subfield>
        </datafield>
    </record>