
    <record>
        <leader>01293cam a2200337   4500</leader>
        <controlfield tag="001">772657</controlfield>
        <controlfield tag="003">LC</controlfield>
        <controlfield tag="005">19990223105231.9</controlfield>
        <controlfield tag="008">700206r19691876nyuabc        001 0 eng  </controlfield>
        <datafield tag="010" ind1=" " ind2=" ">
            <subfield code="a">   72094525 </subfield>
        </datafield>
        <datafield tag="043" ind1=" " ind2=" ">
            <subfield code="a">n-us-nv</subfield>
        </datafield>
        <datafield tag="082" ind1="0" ind2="0">
            <subfield code="a">622/.342</subfield>
        </datafield>
        <datafield tag="100" ind1="1" ind2=" ">
            <subfield code="a">De Quille, Dan,</subfield>
            <subfield code="d">1829-1898.</subfield>
        </datafield>
        <datafield tag="240" ind1="1" ind2="0">
            <subfield code="a">History of the big bonanza</subfield>
        </datafield>
        <datafield tag="245" ind1="1" ind2="4">
            <subfield code="a">The big bonanza;</subfield>
            <subfield code="b">an authentic account of the discovery, history, and working of the world-renowned Comstock Lode of Nevada,</subfield>
            <subfield code="c">by Dan De Quille (William Wright) Introd. by Oscar Lewis.</subfield>
        </datafield>
        <datafield tag="260" ind1=" " ind2=" ">
            <subfield code="a">New York,</subfield>
            <subfield code="b">Crowell</subfield>
            <subfield code="c">[1969, c1947]</subfield>
        </datafield>
        <datafield tag="300" ind1=" " ind2=" ">
            <subfield code="a">xxv, 439 p.</subfield>
            <subfield code="b">illus., maps, ports.</subfield>
            <subfield code="c">21 cm.</subfield>
        </datafield>
        <datafield tag="350" ind1=" " ind2=" ">
            <subfield code="a">3.45</subfield>
        </datafield>
        <datafield tag="490" ind1="0" ind2=" ">
            <subfield code="a">Apollo editions,</subfield>
            <subfield code="v">A233</subfield>
        </datafield>
        <datafield tag="500" ind1=" " ind2=" ">
            <subfield code="a">First ed. published in 1876 under title: History of the big bonanza.</subfield>
        </datafield>
        <datafield tag="500" ind1=" " ind2=" ">
            <subfield code="a">Introduction includes letters of Mark Twain.</subfield>
        </datafield>
        <datafield tag="700" ind1="1" ind2=" ">
            <subfield code="a">Twain, Mark,</subfield>
            <subfield code="d">1835-1910.</subfield>
        </datafield>
    </record>