
    <record>
        <leader>01649cam a2200361 a 4500</leader>
        <controlfield tag="001">1219380</controlfield>
        <controlfield tag="003">LC</controlfield>
        <controlfield tag="005">20200114092600.0</controlfield>
        <controlfield tag="008">940824s1942    maucfh        000 0deng  </controlfield>
        <datafield tag="010" ind1=" " ind2=" ">
            <subfield code="a">a  42003264 </subfield>
        </datafield>
        <datafield tag="051" ind1=" " ind2=" ">
            <subfield code="a">PS1336</subfield>
            <subfield code="b">.D4 Copy 3</subfield>
            <subfield code="c">Copy 3. Some quires unopened. In dust jacket. Author's presentation inscription. Gift of Frances R. Friedman, June 15, 1992.</subfield>
        </datafield>
        <datafield tag="100" ind1="1" ind2=" ">
            <subfield code="a">De Voto, Bernard,</subfield>
            <subfield code="d">1897-1955.</subfield>
        </datafield>
        <datafield tag="245" ind1="1" ind2="0">
            <subfield code="a">Mark Twain at work /</subfield>
            <subfield code="c">by Bernard DeVoto.</subfield>
        </datafield>
        <datafield tag="260" ind1=" " ind2=" ">
            <subfield code="a">Cambridge, Mass. :</subfield>
            <subfield code="b">Harvard University Press,</subfield>
            <subfield code="c">1942.</subfield>
        </datafield>
        <datafield tag="300" ind1=" " ind2=" ">
            <subfield code="a">ix, 144 p., [3] leaves of plates :</subfield>
            <subfield code="b">2 facsims., 1 port. ;</subfield>
            <subfield code="c">25 cm.</subfield>
        </datafield>
        <datafield tag="500" ind1=" " ind2=" ">
            <subfield code="a">"Boy's  manuscript" (p. 25-44) is a sketch by Mark Twain from which his Tom Sawyer was subsequently developed.</subfield>
        </datafield>
        <datafield tag="505" ind1="0" ind2=" ">
            <subfield code="a">The phantasy of boyhood : Tom Sawyer -- "Boy's manuscript" -- Noon and darkness : Huckleberry Finn -- The symbols of despair -- Appendix.</subfield>
        </datafield>
        <datafield tag="600" ind1="1" ind2="0">
            <subfield code="a">Twain, Mark,</subfield>
            <subfield code="d">1835-1910</subfield>
            <subfield code="x">Criticism, Textual.</subfield>
        </datafield>
        <datafield tag="700" ind1="1" ind2=" ">
            <subfield code="a">Twain, Mark,</subfield>
            <subfield code="d">1835-1910.</subfield>
        </datafield>
        <datafield tag="710" ind1="2" ind2=" ">
            <subfield code="a">Roy J. Friedman Mark Twain Collection (Library of Congress)</subfield>
            <subfield code="5">DLC</subfield>
        </datafield>
    </record>