
    <record>
        <leader>01266cam a22003255a 4500</leader>
        <controlfield tag="001">16188782</controlfield>
        <controlfield tag="003">LC</controlfield>
        <controlfield tag="005">20110919095717.0</controlfield>
        <controlfield tag="008">100415s2009    ii a   j      000 c eng  </controlfield>
        <datafield tag="010" ind1=" " ind2=" ">
            <subfield code="a">  2010319056</subfield>
        </datafield>
        <datafield tag="020" ind1=" " ind2=" ">
            <subfield code="a">9788190732628 (pbk.)</subfield>
        </datafield>
        <datafield tag="025" ind1=" " ind2=" ">
            <subfield code="a">I-E-2010-319056; 31</subfield>
        </datafield>
        <datafield tag="037" ind1=" " ind2=" ">
            <subfield code="b">Library of Congress -- New Delhi Overseas Office</subfield>
            <subfield code="c">Rs150.00 ($6.95 U.S.)</subfield>
        </datafield>
        <datafield tag="043" ind1=" " ind2=" ">
            <subfield code="a">e-fr---</subfield>
        </datafield>
        <datafield tag="100" ind1="1" ind2=" ">
            <subfield code="a">DiGerolamo, Tony.</subfield>
        </datafield>
        <datafield tag="245" ind1="1" ind2="0">
            <subfield code="a">Personal recollections of Joan of Arc /</subfield>
            <subfield code="c">Mark Twain ; [adapted by Tony DiGerolamo ; illustrated by Rajesh Nagulakonda].</subfield>
        </datafield>
        <datafield tag="246" ind1="3" ind2="0">
            <subfield code="a">Joan of Arc</subfield>
        </datafield>
        <datafield tag="260" ind1=" " ind2=" ">
            <subfield code="a">New Delhi :</subfield>
            <subfield code="b">Campfire,</subfield>
            <subfield code="c">c2009.</subfield>
        </datafield>
        <datafield tag="300" ind1=" " ind2=" ">
            <subfield code="a">68 p. :</subfield>
            <subfield code="b">col. ill. ;</subfield>
            <subfield code="c">27 cm.</subfield>
        </datafield>
        <datafield tag="600" ind1="0" ind2="0">
            <subfield code="a">Joan,</subfield>
            <subfield code="c">of Arc, Saint,</subfield>
            <subfield code="d">1412-1431</subfield>
            <subfield code="v">Comic books, strips, etc.</subfield>
        </datafield>
        <datafield tag="700" ind1="1" ind2=" ">
            <subfield code="a">Nagulakonda, Rajesh,</subfield>
            <subfield code="e">ill.</subfield>
        </datafield>
        <datafield tag="700" ind1="1" ind2=" ">
            <subfield code="a">Twain, Mark,</subfield>
            <subfield code="d">1835-1910.</subfield>
            <subfield code="t">Personal recollections of Joan of Arc.</subfield>
        </datafield>
    </record>