
    <record>
        <leader>01287cam a2200325 a 4500</leader>
        <controlfield tag="001">458703</controlfield>
        <controlfield tag="003">LC</controlfield>
        <controlfield tag="005">19920825071943.0</controlfield>
        <controlfield tag="008">820928s1977    vaua     b   s000 0beng  </controlfield>
        <datafield tag="010" ind1=" " ind2=" ">
            <subfield code="a">   82621128 </subfield>
        </datafield>
        <datafield tag="043" ind1=" " ind2=" ">
            <subfield code="a">n-us-va</subfield>
            <subfield code="a">n-us---</subfield>
        </datafield>
        <datafield tag="082" ind1="0" ind2="0">
            <subfield code="a">973.3/13/0924</subfield>
            <subfield code="a">B</subfield>
            <subfield code="2">19</subfield>
        </datafield>
        <datafield tag="100" ind1="1" ind2=" ">
            <subfield code="a">Dill, Alonzo Thomas.</subfield>
        </datafield>
        <datafield tag="245" ind1="1" ind2="0">
            <subfield code="a">Francis Lightfoot Lee, the incomparable signer /</subfield>
            <subfield code="c">by Alonzo Thomas Dill ; Edward M. Riley, editor.</subfield>
        </datafield>
        <datafield tag="260" ind1=" " ind2=" ">
            <subfield code="a">Williamsburg, Va. :</subfield>
            <subfield code="b">Virginia Independence Bicentennial Commission,</subfield>
            <subfield code="c">c1977.</subfield>
        </datafield>
        <datafield tag="300" ind1=" " ind2=" ">
            <subfield code="a">v, 63 p. :</subfield>
            <subfield code="b">ill. ;</subfield>
            <subfield code="c">26 cm.</subfield>
        </datafield>
        <datafield tag="500" ind1=" " ind2=" ">
            <subfield code="a">"Francis Lightfoot Lee, by Mark Twain": p. 59-61.</subfield>
        </datafield>
        <datafield tag="504" ind1=" " ind2=" ">
            <subfield code="a">Bibliography: p. 62-63.</subfield>
        </datafield>
        <datafield tag="600" ind1="1" ind2="0">
            <subfield code="a">Lee, Francis Lightfoot,</subfield>
            <subfield code="d">1734-1797.</subfield>
        </datafield>
        <datafield tag="610" ind1="1" ind2="0">
            <subfield code="a">United States.</subfield>
            <subfield code="b">Continental Congress</subfield>
            <subfield code="x">Biography.</subfield>
        </datafield>
        <datafield tag="610" ind1="1" ind2="0">
            <subfield code="a">United States.</subfield>
            <subfield code="t">Declaration of Independence</subfield>
            <subfield code="x">Signers</subfield>
            <subfield code="x">Biography.</subfield>
        </datafield>
        <datafield tag="700" ind1="1" ind2=" ">
            <subfield code="a">Riley, Edward M.</subfield>
        </datafield>
        <datafield tag="700" ind1="1" ind2="2">
            <subfield code="a">Twain, Mark,</subfield>
            <subfield code="d">1835-1910.</subfield>
            <subfield code="t">Francis Lightfoot Lee.</subfield>
            <subfield code="f">1977.</subfield>
        </datafield>
    </record>