
    <record>
        <leader>02926cjm a2200649 a 4500</leader>
        <controlfield tag="001">17461688</controlfield>
        <controlfield tag="003">LC</controlfield>
        <controlfield tag="005">20230823152709.0</controlfield>
        <controlfield tag="007">sd fsngnnmmned</controlfield>
        <controlfield tag="008">120913s2010    nyumun|  efi      | eng d</controlfield>
        <datafield tag="010" ind1=" " ind2=" ">
            <subfield code="a">  2012623483</subfield>
        </datafield>
        <datafield tag="024" ind1="1" ind2=" ">
            <subfield code="a">034061124023</subfield>
        </datafield>
        <datafield tag="028" ind1="0" ind2="2">
            <subfield code="a">TROY1240</subfield>
            <subfield code="b">Albany Records</subfield>
        </datafield>
        <datafield tag="047" ind1=" " ind2=" ">
            <subfield code="a">co</subfield>
            <subfield code="a">su</subfield>
        </datafield>
        <datafield tag="048" ind1=" " ind2=" ">
            <subfield code="a">oa</subfield>
        </datafield>
        <datafield tag="048" ind1=" " ind2=" ">
            <subfield code="a">sa02</subfield>
            <subfield code="a">sb01</subfield>
            <subfield code="a">sc01</subfield>
            <subfield code="a">sd01</subfield>
            <subfield code="b">wi01</subfield>
        </datafield>
        <datafield tag="048" ind1=" " ind2=" ">
            <subfield code="a">sa02</subfield>
            <subfield code="a">sb01</subfield>
            <subfield code="a">sc01</subfield>
            <subfield code="a">vn02</subfield>
        </datafield>
        <datafield tag="100" ind1="1" ind2=" ">
            <subfield code="a">Duffy, John,</subfield>
            <subfield code="d">1926-2015.</subfield>
        </datafield>
        <datafield tag="240" ind1="1" ind2="0">
            <subfield code="a">Works.</subfield>
            <subfield code="k">Selections</subfield>
        </datafield>
        <datafield tag="245" ind1="1" ind2="0">
            <subfield code="a">We want Mark Twain</subfield>
            <subfield code="h">[sound recording] ;</subfield>
            <subfield code="b">Saxophone concerto ; Portraits : for orchestra /</subfield>
            <subfield code="c">John Duffy.</subfield>
        </datafield>
        <datafield tag="260" ind1=" " ind2=" ">
            <subfield code="a">Albany, NY :</subfield>
            <subfield code="b">Albany Records,</subfield>
            <subfield code="c">[2010]</subfield>
        </datafield>
        <datafield tag="300" ind1=" " ind2=" ">
            <subfield code="a">1 sound disc (66 min., 8 sec.) :</subfield>
            <subfield code="b">digital ;</subfield>
            <subfield code="c">4 3/4 in.</subfield>
        </datafield>
        <datafield tag="306" ind1=" " ind2=" ">
            <subfield code="a">001939</subfield>
            <subfield code="a">001959</subfield>
            <subfield code="a">002532</subfield>
        </datafield>
        <datafield tag="500" ind1=" " ind2=" ">
            <subfield code="a">Acc. of the 2nd work originally for band, arr. for string quartet and double bass.</subfield>
        </datafield>
        <datafield tag="500" ind1=" " ind2=" ">
            <subfield code="a">Compact disc.</subfield>
        </datafield>
        <datafield tag="500" ind1=" " ind2=" ">
            <subfield code="a">Durations: 19:39; 19:59; 25:32.</subfield>
        </datafield>
        <datafield tag="500" ind1=" " ind2=" ">
            <subfield code="a">Eds. recorded: Schott.</subfield>
        </datafield>
        <datafield tag="500" ind1=" " ind2=" ">
            <subfield code="a">Program notes by Julian Grant ([12] p. : music) inserted in container.</subfield>
        </datafield>
        <datafield tag="500" ind1=" " ind2=" ">
            <subfield code="a">The 1st work based on the works of Mark Twain; text and concept by the composer.</subfield>
        </datafield>
        <datafield tag="511" ind1="0" ind2=" ">
            <subfield code="a">In the 1st work: Cassatt String Quartet (Muneko Otani, Jennifer Leshnower, violin ; Sarah Adams, viola ; Nicole Johnson, violoncello) ; Isaiah Sheffer, narrator ; Signe Mortensen, singer, actor. In the 2nd work: Cassatt String Quartet ; Tomoya Aomori, double bass ; Glenn Morrissette, tenor saxophone. In the 3rd work: Utah Symphony Orchestra, Joseph Silverstein, conductor (1st movement) ; Royal Philharmonic Orchestra, Richard Williams, conductor (remaining movements).</subfield>
        </datafield>
        <datafield tag="600" ind1="1" ind2="0">
            <subfield code="a">Twain, Mark,</subfield>
            <subfield code="d">1835-1910</subfield>
            <subfield code="v">Musical settings.</subfield>
        </datafield>
        <datafield tag="600" ind1="1" ind2="0">
            <subfield code="a">Twain, Mark,</subfield>
            <subfield code="d">1835-1910</subfield>
            <subfield code="v">Songs and music.</subfield>
        </datafield>
        <datafield tag="700" ind1="1" ind2=" ">
            <subfield code="a">Aomori, Tomoya.</subfield>
            <subfield code="4">itr</subfield>
        </datafield>
        <datafield tag="700" ind1="1" ind2=" ">
            <subfield code="a">Morrissette, Glenn.</subfield>
            <subfield code="4">itr</subfield>
        </datafield>
        <datafield tag="700" ind1="1" ind2=" ">
            <subfield code="a">Mortensen, Signe.</subfield>
            <subfield code="4">prf</subfield>
        </datafield>
        <datafield tag="700" ind1="1" ind2=" ">
            <subfield code="a">Sheffer, Isaiah.</subfield>
            <subfield code="4">nrt</subfield>
        </datafield>
        <datafield tag="700" ind1="1" ind2=" ">
            <subfield code="a">Silverstein, Joseph,</subfield>
            <subfield code="d">1932-2015.</subfield>
            <subfield code="4">cnd</subfield>
        </datafield>
        <datafield tag="700" ind1="1" ind2=" ">
            <subfield code="a">Twain, Mark,</subfield>
            <subfield code="d">1835-1910.</subfield>
        </datafield>
        <datafield tag="700" ind1="1" ind2=" ">
            <subfield code="a">Williams, Richard</subfield>
            <subfield code="c">(Conductor)</subfield>
            <subfield code="4">cnd</subfield>
        </datafield>
        <datafield tag="700" ind1="1" ind2="2">
            <subfield code="a">Duffy, John,</subfield>
            <subfield code="d">1926-2015.</subfield>
            <subfield code="t">Concertos,</subfield>
            <subfield code="m">saxophone, band;</subfield>
            <subfield code="o">arranged.</subfield>
        </datafield>
        <datafield tag="700" ind1="1" ind2="2">
            <subfield code="a">Duffy, John,</subfield>
            <subfield code="d">1926-2015.</subfield>
            <subfield code="t">Portraits.</subfield>
        </datafield>
        <datafield tag="700" ind1="1" ind2="2">
            <subfield code="a">Duffy, John,</subfield>
            <subfield code="d">1926-2015.</subfield>
            <subfield code="t">We want Mark Twain.</subfield>
        </datafield>
        <datafield tag="710" ind1="2" ind2=" ">
            <subfield code="a">Cassatt String Quartet.</subfield>
            <subfield code="4">prf</subfield>
        </datafield>
        <datafield tag="710" ind1="2" ind2=" ">
            <subfield code="a">Royal Philharmonic Orchestra.</subfield>
            <subfield code="4">prf</subfield>
        </datafield>
        <datafield tag="710" ind1="2" ind2=" ">
            <subfield code="a">Utah Symphony Orchestra.</subfield>
            <subfield code="4">prf</subfield>
        </datafield>
        <datafield tag="740" ind1="0" ind2="2">
            <subfield code="a">Portraits.</subfield>
        </datafield>
    </record>