
    <record>
        <leader>01292cam a2200325   4500</leader>
        <controlfield tag="001">4645935</controlfield>
        <controlfield tag="003">LC</controlfield>
        <controlfield tag="005">20011228152732.0</controlfield>
        <controlfield tag="008">791025s1980    wiua   j      000 1 eng  </controlfield>
        <datafield tag="010" ind1=" " ind2=" ">
            <subfield code="a">   79024312 </subfield>
        </datafield>
        <datafield tag="020" ind1=" " ind2=" ">
            <subfield code="a">0817216510 (lib. bdg.) :</subfield>
            <subfield code="c">$8.49</subfield>
        </datafield>
        <datafield tag="082" ind1="0" ind2="0">
            <subfield code="a">[Fic]</subfield>
        </datafield>
        <datafield tag="100" ind1="1" ind2=" ">
            <subfield code="a">Edwards, June,</subfield>
            <subfield code="d">1934-</subfield>
        </datafield>
        <datafield tag="245" ind1="1" ind2="0">
            <subfield code="a">Huckleberry Finn /</subfield>
            <subfield code="c">by Mark Twain ; adapted by June Edwards ; illustrated by Sherry Neidigh.</subfield>
        </datafield>
        <datafield tag="260" ind1=" " ind2=" ">
            <subfield code="a">Milwaukee :</subfield>
            <subfield code="b">Raintree Publishers,</subfield>
            <subfield code="c">c1980.</subfield>
        </datafield>
        <datafield tag="300" ind1=" " ind2=" ">
            <subfield code="a">48 p. :</subfield>
            <subfield code="b">col. ill. ;</subfield>
            <subfield code="c">24 cm.</subfield>
        </datafield>
        <datafield tag="520" ind1=" " ind2=" ">
            <subfield code="a">A 19th-century boy, floating down the Mississippi River on a raft with a runaway slave, becomes involved with a feuding family, two scoundrels pretending to be royalty, and Tom Sawyer's aunt, who mistakes him for Tom.</subfield>
        </datafield>
        <datafield tag="700" ind1="1" ind2=" ">
            <subfield code="a">Neidigh, Sherry.</subfield>
        </datafield>
        <datafield tag="700" ind1="1" ind2=" ">
            <subfield code="a">Twain, Mark,</subfield>
            <subfield code="d">1835-1910.</subfield>
            <subfield code="t">Adventures of Huckleberry Finn.</subfield>
        </datafield>
    </record>