
    <record>
        <leader>01200cam a2200301 i 4500</leader>
        <controlfield tag="001">882554</controlfield>
        <controlfield tag="003">LC</controlfield>
        <controlfield tag="005">20000131112352.0</controlfield>
        <controlfield tag="008">800908s1981    wiua   j      000 1 eng  </controlfield>
        <datafield tag="010" ind1=" " ind2=" ">
            <subfield code="a">   80022095 </subfield>
        </datafield>
        <datafield tag="020" ind1=" " ind2=" ">
            <subfield code="a">0817216650 (lib. bdg.) :</subfield>
            <subfield code="c">$9.95</subfield>
        </datafield>
        <datafield tag="082" ind1="0" ind2="0">
            <subfield code="a">[Fic]</subfield>
            <subfield code="2">19</subfield>
        </datafield>
        <datafield tag="100" ind1="1" ind2=" ">
            <subfield code="a">Edwards, June,</subfield>
            <subfield code="d">1934-</subfield>
        </datafield>
        <datafield tag="245" ind1="1" ind2="0">
            <subfield code="a">Tom Sawyer /</subfield>
            <subfield code="c">by Mark Twain ; adapted by June Edwards ; illustrated by Joel Naprstek.</subfield>
        </datafield>
        <datafield tag="260" ind1=" " ind2=" ">
            <subfield code="a">Milwaukee :</subfield>
            <subfield code="b">Raintree Publishers,</subfield>
            <subfield code="c">c1981.</subfield>
        </datafield>
        <datafield tag="300" ind1=" " ind2=" ">
            <subfield code="a">48 p. :</subfield>
            <subfield code="b">col. ill. ;</subfield>
            <subfield code="c">24 cm.</subfield>
        </datafield>
        <datafield tag="440" ind1=" " ind2="0">
            <subfield code="a">Raintree short classics series</subfield>
        </datafield>
        <datafield tag="520" ind1=" " ind2=" ">
            <subfield code="a">A simplified retelling of the classic story of the mischievous 19th-century boy in a Mississippi River town and his friends, Huck Finn and Becky Thatcher, as they run away from home, witness a murder, and find treasure in a cave.</subfield>
        </datafield>
        <datafield tag="700" ind1="1" ind2=" ">
            <subfield code="a">Naprstek, Joel.</subfield>
        </datafield>
        <datafield tag="700" ind1="1" ind2=" ">
            <subfield code="a">Twain, Mark,</subfield>
            <subfield code="d">1835-1910.</subfield>
            <subfield code="t">Adventures of Tom Sawyer.</subfield>
        </datafield>
    </record>