
    <record>
        <leader>01406cam a2200361 a 4500</leader>
        <controlfield tag="001">15904630</controlfield>
        <controlfield tag="003">LC</controlfield>
        <controlfield tag="005">20130710170657.0</controlfield>
        <controlfield tag="008">090914s2010    mnua   j      000 1 eng  </controlfield>
        <datafield tag="010" ind1=" " ind2=" ">
            <subfield code="a">  2009033489</subfield>
        </datafield>
        <datafield tag="020" ind1=" " ind2=" ">
            <subfield code="a">9781602707023</subfield>
        </datafield>
        <datafield tag="082" ind1="0" ind2="0">
            <subfield code="a">[Fic]</subfield>
            <subfield code="2">22</subfield>
        </datafield>
        <datafield tag="100" ind1="1" ind2=" ">
            <subfield code="a">Enderle, Dotti,</subfield>
            <subfield code="d">1954-</subfield>
        </datafield>
        <datafield tag="245" ind1="1" ind2="0">
            <subfield code="a">Mark Twain's The adventures of Huckleberry Finn /</subfield>
            <subfield code="c">adapted by, Dotti Enderle ; illustrated by, Howard McWilliam.</subfield>
        </datafield>
        <datafield tag="246" ind1="3" ind2="0">
            <subfield code="a">Adventures of Huckleberry Finn</subfield>
        </datafield>
        <datafield tag="260" ind1=" " ind2=" ">
            <subfield code="a">Edina, Minn. :</subfield>
            <subfield code="b">Magic Wagon,</subfield>
            <subfield code="c">c2010.</subfield>
        </datafield>
        <datafield tag="300" ind1=" " ind2=" ">
            <subfield code="a">112 p. :</subfield>
            <subfield code="b">ill. ;</subfield>
            <subfield code="c">21 cm.</subfield>
        </datafield>
        <datafield tag="490" ind1="0" ind2=" ">
            <subfield code="a">Calico illustrated classics</subfield>
        </datafield>
        <datafield tag="500" ind1=" " ind2=" ">
            <subfield code="a">"Calico chapter books"--P.[4] of cover.</subfield>
        </datafield>
        <datafield tag="700" ind1="1" ind2=" ">
            <subfield code="a">McWilliam, Howard,</subfield>
            <subfield code="d">1977-</subfield>
            <subfield code="e">ill.</subfield>
        </datafield>
        <datafield tag="700" ind1="1" ind2=" ">
            <subfield code="a">Twain, Mark,</subfield>
            <subfield code="d">1835-1910.</subfield>
            <subfield code="t">Adventures of Huckleberry Finn.</subfield>
        </datafield>
    </record>