
    <record>
        <leader>01273cam a2200325 c 4500</leader>
        <controlfield tag="001">990012607744702202</controlfield>
        <controlfield tag="003">Bibsys</controlfield>
        <controlfield tag="005">20230227144103.0</controlfield>
        <controlfield tag="007">ta</controlfield>
        <controlfield tag="008">130425s2000    xx#|||||||||||000|u|nno| </controlfield>
        <datafield tag="020" ind1=" " ind2=" ">
            <subfield code="a">8252532918</subfield>
            <subfield code="q">ib.</subfield>
            <subfield code="q">Bokklubbens barn</subfield>
        </datafield>
        <datafield tag="100" ind1="1" ind2=" ">
            <subfield code="a">Twain, Mark</subfield>
            <subfield code="d">1835-1910</subfield>
            <subfield code="0">(NO-TrBIB)90056487</subfield>
        </datafield>
        <datafield tag="245" ind1="1" ind2="0">
            <subfield code="a">Tom Sawyer</subfield>
            <subfield code="c">Mark Twain ; omsett til nynorsk av Kari Wærum</subfield>
        </datafield>
        <datafield tag="246" ind1="1" ind2=" ">
            <subfield code="a">The adventures of Tom Sawyer</subfield>
            <subfield code="i">Originaltittel</subfield>
        </datafield>
        <datafield tag="260" ind1=" " ind2=" ">
            <subfield code="a">[Oslo]</subfield>
            <subfield code="b">Bokklubbens barn</subfield>
            <subfield code="c">2000</subfield>
        </datafield>
        <datafield tag="300" ind1=" " ind2=" ">
            <subfield code="a">229 s.</subfield>
            <subfield code="b">ill.</subfield>
        </datafield>
        <datafield tag="500" ind1=" " ind2=" ">
            <subfield code="a">1. norske utg. Oslo : Gyldendal, 1922</subfield>
        </datafield>
    </record>