
    <record>
        <leader>00586cam a2200205 c 4500</leader>
        <controlfield tag="001">990100428654702202</controlfield>
        <controlfield tag="003">Bibsys</controlfield>
        <controlfield tag="005">20130425104814.0</controlfield>
        <controlfield tag="007">ta</controlfield>
        <controlfield tag="008">130425s1872    xx#|||||||||||000|u|eng| </controlfield>
        <datafield tag="100" ind1="1" ind2=" ">
            <subfield code="a">Twain, Mark</subfield>
            <subfield code="d">1835-1910</subfield>
            <subfield code="0">(NO-TrBIB)90056487</subfield>
        </datafield>
        <datafield tag="245" ind1="1" ind2="4">
            <subfield code="a">The innocents at home</subfield>
            <subfield code="c">by Mark Twain</subfield>
        </datafield>
        <datafield tag="250" ind1=" " ind2=" ">
            <subfield code="a">Cop. ed.</subfield>
        </datafield>
        <datafield tag="260" ind1=" " ind2=" ">
            <subfield code="a">London</subfield>
            <subfield code="b">G. Routledge and Sons</subfield>
            <subfield code="c">[1872?]</subfield>
        </datafield>
        <datafield tag="300" ind1=" " ind2=" ">
            <subfield code="a">VI, 224 s.</subfield>
        </datafield>
    </record>