
    <record>
        <leader>00649cam a2200217 c 4500</leader>
        <controlfield tag="001">990100430984702202</controlfield>
        <controlfield tag="003">Bibsys</controlfield>
        <controlfield tag="005">20131209210248.0</controlfield>
        <controlfield tag="007">ta</controlfield>
        <controlfield tag="008">131209s1889    xx#|||||||||||000|u|dan| </controlfield>
        <datafield tag="100" ind1="1" ind2=" ">
            <subfield code="a">Twain, Mark</subfield>
            <subfield code="d">1835-1910</subfield>
            <subfield code="0">(NO-TrBIB)90056487</subfield>
        </datafield>
        <datafield tag="245" ind1="1" ind2="0">
            <subfield code="a">Nye Skitser</subfield>
            <subfield code="c">af Mark Twain ; oversatte af H.H. Gjødvad</subfield>
        </datafield>
        <datafield tag="250" ind1=" " ind2=" ">
            <subfield code="a">2. Opl.</subfield>
        </datafield>
        <datafield tag="260" ind1=" " ind2=" ">
            <subfield code="a">Kjøbenhavn</subfield>
            <subfield code="b">Nyt Dansk Forlagskonsortium</subfield>
            <subfield code="c">1889</subfield>
        </datafield>
        <datafield tag="300" ind1=" " ind2=" ">
            <subfield code="a">125 s.</subfield>
        </datafield>
    </record>