
    <record>
        <leader>00914cam a2200241 c 4500</leader>
        <controlfield tag="001">990100568584702202</controlfield>
        <controlfield tag="003">Bibsys</controlfield>
        <controlfield tag="005">20170126145140.0</controlfield>
        <controlfield tag="007">ta</controlfield>
        <controlfield tag="008">010115s1881    xx#|||||||||||000|u|eng| </controlfield>
        <datafield tag="100" ind1="1" ind2=" ">
            <subfield code="a">Twain, Mark</subfield>
            <subfield code="d">1835-1910</subfield>
            <subfield code="0">(NO-TrBIB)90056487</subfield>
        </datafield>
        <datafield tag="245" ind1="1" ind2="4">
            <subfield code="a">The prince and the pauper</subfield>
            <subfield code="b">a tale for young people of all ages</subfield>
            <subfield code="n">Vol. 2</subfield>
        </datafield>
        <datafield tag="250" ind1=" " ind2=" ">
            <subfield code="a">Authorized ed.</subfield>
        </datafield>
        <datafield tag="260" ind1=" " ind2=" ">
            <subfield code="a">Leipzig</subfield>
            <subfield code="b">Tauchnitz</subfield>
            <subfield code="c">1881</subfield>
        </datafield>
        <datafield tag="300" ind1=" " ind2=" ">
            <subfield code="a">VI, 226 s.</subfield>
        </datafield>
        <datafield tag="490" ind1="1" ind2=" ">
            <subfield code="a">Collection of British authors, Tauchnitz edition</subfield>
            <subfield code="v">vol. 2028</subfield>
        </datafield>
        <datafield tag="773" ind1="0" ind2="8">
            <subfield code="i">Inkludert i</subfield>
            <subfield code="a">Twain, Mark, 1835-1910</subfield>
            <subfield code="t">The prince and the pauper</subfield>
            <subfield code="b">Authorized ed.</subfield>
            <subfield code="d">Leipzig : Tauchnitz, 1881</subfield>
            <subfield code="g">Vol. 2</subfield>
            <subfield code="w">990100433574702201</subfield>
        </datafield>
        <datafield tag="830" ind1=" " ind2="0">
            <subfield code="a">Collection of British authors, Tauchnitz edition</subfield>
            <subfield code="v">vol. 2028</subfield>
        </datafield>
    </record>