
    <record>
        <leader>00564cam a2200193 c 4500</leader>
        <controlfield tag="001">990100663654702202</controlfield>
        <controlfield tag="003">Bibsys</controlfield>
        <controlfield tag="005">20130425104814.0</controlfield>
        <controlfield tag="007">ta</controlfield>
        <controlfield tag="008">130425s1874    xx#|||||||||||000|u|swe| </controlfield>
        <datafield tag="100" ind1="1" ind2=" ">
            <subfield code="a">Twain, Mark</subfield>
            <subfield code="d">1835-1910</subfield>
            <subfield code="0">(NO-TrBIB)90056487</subfield>
        </datafield>
        <datafield tag="245" ind1="1" ind2="0">
            <subfield code="a">Valda skizzer :</subfield>
            <subfield code="b">ny samling</subfield>
            <subfield code="c">af Mark Twain ; öfversättning</subfield>
        </datafield>
        <datafield tag="260" ind1=" " ind2=" ">
            <subfield code="a">Upsala</subfield>
            <subfield code="b">Schultz</subfield>
            <subfield code="c">1874</subfield>
        </datafield>
        <datafield tag="300" ind1=" " ind2=" ">
            <subfield code="a">188 s.</subfield>
        </datafield>
    </record>