
    <record>
        <leader>00683cam a2200217 c 4500</leader>
        <controlfield tag="001">990100665784702202</controlfield>
        <controlfield tag="003">Bibsys</controlfield>
        <controlfield tag="005">20170126145135.0</controlfield>
        <controlfield tag="007">ta</controlfield>
        <controlfield tag="008">070425s1884    xx#|||||||||||000|u|dan| </controlfield>
        <datafield tag="100" ind1="1" ind2=" ">
            <subfield code="a">Twain, Mark</subfield>
            <subfield code="d">1835-1910</subfield>
            <subfield code="0">(NO-TrBIB)90056487</subfield>
        </datafield>
        <datafield tag="245" ind1="1" ind2=" ">
            <subfield code="a">Naive Reisende</subfield>
            <subfield code="n">1</subfield>
        </datafield>
        <datafield tag="250" ind1=" " ind2=" ">
            <subfield code="a">2. Udg.</subfield>
        </datafield>
        <datafield tag="260" ind1=" " ind2=" ">
            <subfield code="a">Kjøbenhavn</subfield>
            <subfield code="b">Schubothe</subfield>
            <subfield code="c">1884</subfield>
        </datafield>
        <datafield tag="300" ind1=" " ind2=" ">
            <subfield code="a">272 s.</subfield>
        </datafield>
        <datafield tag="773" ind1="0" ind2="8">
            <subfield code="i">Inkludert i</subfield>
            <subfield code="a">Twain, Mark, 1835-1910</subfield>
            <subfield code="t">Naive Reisende</subfield>
            <subfield code="b">2. Udg.</subfield>
            <subfield code="d">Kjøbenhavn : Schubothe, 1884</subfield>
            <subfield code="g">1</subfield>
            <subfield code="w">990100665434702201</subfield>
        </datafield>
    </record>