
    <record>
        <leader>00714cam a2200217 c 4500</leader>
        <controlfield tag="001">990101398004702202</controlfield>
        <controlfield tag="003">Bibsys</controlfield>
        <controlfield tag="005">20130425104814.0</controlfield>
        <controlfield tag="007">ta</controlfield>
        <controlfield tag="008">130425s1880    xx#|||||||||||000|u|eng| </controlfield>
        <datafield tag="100" ind1="1" ind2=" ">
            <subfield code="a">Twain, Mark</subfield>
            <subfield code="d">1835-1910</subfield>
            <subfield code="0">(NO-TrBIB)90056487</subfield>
        </datafield>
        <datafield tag="245" ind1="1" ind2="2">
            <subfield code="a">A tramp abroad</subfield>
            <subfield code="c">by Mark Twain</subfield>
        </datafield>
        <datafield tag="260" ind1=" " ind2=" ">
            <subfield code="a">Leipzig</subfield>
            <subfield code="b">Tauchnitz</subfield>
            <subfield code="c">1880</subfield>
        </datafield>
        <datafield tag="300" ind1=" " ind2=" ">
            <subfield code="a">2 b. i 1 (288, 287 s.)</subfield>
        </datafield>
        <datafield tag="490" ind1="1" ind2=" ">
            <subfield code="a">Collection of British authors, Tauchnitz edition</subfield>
            <subfield code="v">vol. 1899-1900</subfield>
        </datafield>
        <datafield tag="830" ind1=" " ind2="0">
            <subfield code="a">Collection of British authors, Tauchnitz edition</subfield>
            <subfield code="v">vol. 1899-1900</subfield>
        </datafield>
    </record>