
    <record>
        <leader>00766cam a2200229 c 4500</leader>
        <controlfield tag="001">990101486124702202</controlfield>
        <controlfield tag="003">Bibsys</controlfield>
        <controlfield tag="005">20130425104814.0</controlfield>
        <controlfield tag="007">ta</controlfield>
        <controlfield tag="008">130425s1907    xx#|||||||||||000|u|eng| </controlfield>
        <datafield tag="100" ind1="1" ind2=" ">
            <subfield code="a">Twain, Mark</subfield>
            <subfield code="d">1835-1910</subfield>
            <subfield code="0">(NO-TrBIB)90056487</subfield>
        </datafield>
        <datafield tag="245" ind1="1" ind2="4">
            <subfield code="a">The $30,000 bequest :</subfield>
            <subfield code="b">and other stories</subfield>
            <subfield code="c">by Mark Twain</subfield>
        </datafield>
        <datafield tag="260" ind1=" " ind2=" ">
            <subfield code="a">Leipzig</subfield>
            <subfield code="b">Tauchnitz</subfield>
            <subfield code="c">1907</subfield>
        </datafield>
        <datafield tag="300" ind1=" " ind2=" ">
            <subfield code="a">304 s.</subfield>
        </datafield>
        <datafield tag="490" ind1="1" ind2=" ">
            <subfield code="a">Collection of British authors, Tauchnitz edition</subfield>
            <subfield code="v">vol. 3959</subfield>
        </datafield>
        <datafield tag="740" ind1="4" ind2=" ">
            <subfield code="a">The thirty thousand dollars bequest</subfield>
        </datafield>
        <datafield tag="830" ind1=" " ind2="0">
            <subfield code="a">Collection of British authors, Tauchnitz edition</subfield>
            <subfield code="v">vol. 3959</subfield>
        </datafield>
    </record>