
    <record>
        <leader>01927cam a22004697c 4500</leader>
        <controlfield tag="001">990206871684702202</controlfield>
        <controlfield tag="003">Bibsys</controlfield>
        <controlfield tag="005">20230301075728.0</controlfield>
        <controlfield tag="007">cr||||||||||||</controlfield>
        <controlfield tag="007">ta</controlfield>
        <controlfield tag="008">130425s1917    xx#||||j |||||000|u|nob| </controlfield>
        <datafield tag="041" ind1="1" ind2=" ">
            <subfield code="h">eng</subfield>
        </datafield>
        <datafield tag="100" ind1="1" ind2=" ">
            <subfield code="a">Twain, Mark</subfield>
            <subfield code="d">1835-1910</subfield>
            <subfield code="0">(NO-TrBIB)90056487</subfield>
        </datafield>
        <datafield tag="245" ind1="1" ind2="0">
            <subfield code="a">Tiggerprinsen :</subfield>
            <subfield code="b">en fortælling for ungdom i alle aldre</subfield>
            <subfield code="c">av Mark Twain ; i forkortet gjengivelse paa norsk ved Per Wendelbo</subfield>
        </datafield>
        <datafield tag="246" ind1="1" ind2=" ">
            <subfield code="a">The prince and the pauper</subfield>
            <subfield code="i">Originaltittel</subfield>
        </datafield>
        <datafield tag="260" ind1=" " ind2=" ">
            <subfield code="a">Kristiania</subfield>
            <subfield code="b">Aschehoug</subfield>
            <subfield code="c">1917</subfield>
        </datafield>
        <datafield tag="300" ind1=" " ind2=" ">
            <subfield code="a">166 s.</subfield>
        </datafield>
        <datafield tag="700" ind1="1" ind2=" ">
            <subfield code="a">Wendelbo, Per.</subfield>
            <subfield code="4">trl</subfield>
            <subfield code="0">(NO-TrBIB)10062336</subfield>
        </datafield>
    </record>