
    <record>
        <leader>01226cam a2200325 c 4500</leader>
        <controlfield tag="001">990208327454702202</controlfield>
        <controlfield tag="003">Bibsys</controlfield>
        <controlfield tag="005">20220831142003.0</controlfield>
        <controlfield tag="007">ta</controlfield>
        <controlfield tag="008">130425s2002    xx#|||||||||||000|u|eng|d</controlfield>
        <datafield tag="020" ind1=" " ind2=" ">
            <subfield code="a">1931082103</subfield>
            <subfield code="q">ib.</subfield>
        </datafield>
        <datafield tag="100" ind1="1" ind2=" ">
            <subfield code="a">Twain, Mark</subfield>
            <subfield code="d">1835-1910</subfield>
            <subfield code="0">(NO-TrBIB)90056487</subfield>
        </datafield>
        <datafield tag="245" ind1="1" ind2="4">
            <subfield code="a">The gilded age and later novels</subfield>
            <subfield code="c">Mark Twain</subfield>
        </datafield>
        <datafield tag="260" ind1=" " ind2=" ">
            <subfield code="a">New York</subfield>
            <subfield code="b">Library of America</subfield>
            <subfield code="c">c2002</subfield>
        </datafield>
        <datafield tag="300" ind1=" " ind2=" ">
            <subfield code="a">1053 s.</subfield>
        </datafield>
        <datafield tag="490" ind1="1" ind2=" ">
            <subfield code="a">The Library of America</subfield>
            <subfield code="v">130</subfield>
        </datafield>
        <datafield tag="505" ind1="0" ind2=" ">
            <subfield code="a">The gilded age ; The American claimant ; Tom Sawyer abroad ; Tom Sawyer : detective ; No. 44 : the mysterious stranger.</subfield>
        </datafield>
        <datafield tag="740" ind1="0" ind2=" ">
            <subfield code="a">No. 44</subfield>
        </datafield>
        <datafield tag="740" ind1="0" ind2=" ">
            <subfield code="a">Tom Sawyer</subfield>
        </datafield>
        <datafield tag="740" ind1="0" ind2=" ">
            <subfield code="a">Tom Sawyer abroad</subfield>
        </datafield>
        <datafield tag="740" ind1="4" ind2=" ">
            <subfield code="a">The American claimant</subfield>
        </datafield>
        <datafield tag="830" ind1=" " ind2="4">
            <subfield code="a">The Library of America</subfield>
            <subfield code="v">130</subfield>
        </datafield>
    </record>