
    <record>
        <leader>02175cam a22005297c 4500</leader>
        <controlfield tag="001">990223301864702202</controlfield>
        <controlfield tag="003">Bibsys</controlfield>
        <controlfield tag="005">20230531131439.0</controlfield>
        <controlfield tag="007">ta</controlfield>
        <controlfield tag="008">150915s1949    no#||||j||||||000|f|nob| </controlfield>
        <datafield tag="020" ind1=" " ind2=" ">
            <subfield code="q">ib.</subfield>
            <subfield code="c">Nkr 7.95</subfield>
        </datafield>
        <datafield tag="020" ind1=" " ind2=" ">
            <subfield code="q">ib.</subfield>
            <subfield code="q">cNkr 10.70</subfield>
        </datafield>
        <datafield tag="041" ind1="1" ind2=" ">
            <subfield code="h">eng</subfield>
        </datafield>
        <datafield tag="100" ind1="1" ind2=" ">
            <subfield code="a">Twain, Mark</subfield>
            <subfield code="d">1835-1910</subfield>
            <subfield code="0">(NO-TrBIB)90056487</subfield>
        </datafield>
        <datafield tag="245" ind1="1" ind2="0">
            <subfield code="a">Huck Finn</subfield>
            <subfield code="c">Mark Twain ; på norsk ved Zinken Hopp ; etter The adventures of Huckleberry Finn by Mark Twain &lt;psevd.&gt;</subfield>
        </datafield>
        <datafield tag="246" ind1="1" ind2=" ">
            <subfield code="a">The Adventures of Huckleberry Finn</subfield>
            <subfield code="i">Originaltittel</subfield>
        </datafield>
        <datafield tag="260" ind1=" " ind2=" ">
            <subfield code="a">Bergen</subfield>
            <subfield code="b">Eide</subfield>
            <subfield code="c">1949</subfield>
        </datafield>
        <datafield tag="300" ind1=" " ind2=" ">
            <subfield code="a">238 s.</subfield>
        </datafield>
        <datafield tag="700" ind1="1" ind2=" ">
            <subfield code="a">Hopp, Zinken</subfield>
            <subfield code="d">1905-1987</subfield>
            <subfield code="4">trl</subfield>
            <subfield code="0">(NO-TrBIB)90084351</subfield>
        </datafield>
        <datafield tag="700" ind1="1" ind2=" ">
            <subfield code="a">Matheson, Fredrik</subfield>
            <subfield code="d">1908-1999</subfield>
            <subfield code="4">bjd</subfield>
            <subfield code="0">(NO-TrBIB)90595791</subfield>
        </datafield>
    </record>