
    <record>
        <leader>01998cam a2200529 c 4500</leader>
        <controlfield tag="001">990223302754702202</controlfield>
        <controlfield tag="003">Bibsys</controlfield>
        <controlfield tag="005">20230301103029.0</controlfield>
        <controlfield tag="007">cr||||||||||||</controlfield>
        <controlfield tag="007">ta</controlfield>
        <controlfield tag="008">140922s1922    no#||||j |||||000|u|nno|d</controlfield>
        <datafield tag="020" ind1=" " ind2=" ">
            <subfield code="c">Nkr 2.50</subfield>
        </datafield>
        <datafield tag="041" ind1="1" ind2=" ">
            <subfield code="h">eng</subfield>
        </datafield>
        <datafield tag="100" ind1="1" ind2=" ">
            <subfield code="a">Twain, Mark</subfield>
            <subfield code="d">1835-1910</subfield>
            <subfield code="0">(NO-TrBIB)90056487</subfield>
        </datafield>
        <datafield tag="245" ind1="1" ind2="0">
            <subfield code="a">Tom Sawyer og eventyri hans</subfield>
            <subfield code="c">Mark Twain ; umsett for Norsk Barneblad av Johannes Horvei</subfield>
        </datafield>
        <datafield tag="246" ind1="1" ind2=" ">
            <subfield code="a">The adventures of Tom Sawyer</subfield>
            <subfield code="i">Originaltittel</subfield>
        </datafield>
        <datafield tag="260" ind1=" " ind2=" ">
            <subfield code="a">Oslo</subfield>
            <subfield code="b">[Norsk barneblad]</subfield>
            <subfield code="c">1922</subfield>
        </datafield>
        <datafield tag="300" ind1=" " ind2=" ">
            <subfield code="a">186 s.</subfield>
        </datafield>
        <datafield tag="700" ind1="1" ind2=" ">
            <subfield code="a">Horvei, Johannes</subfield>
            <subfield code="4">trl</subfield>
            <subfield code="0">(NO-TrBIB)2037995</subfield>
        </datafield>
    </record>