
    <record>
        <leader>01478cam a2200397 c 4500</leader>
        <controlfield tag="001">990405939594702202</controlfield>
        <controlfield tag="003">Bibsys</controlfield>
        <controlfield tag="005">20230303094215.0</controlfield>
        <controlfield tag="007">ta</controlfield>
        <controlfield tag="008">150911s1940    no#|||||||||||000|1|nob| </controlfield>
        <datafield tag="020" ind1=" " ind2=" ">
            <subfield code="q">h.</subfield>
            <subfield code="c">Nkr 3.50</subfield>
        </datafield>
        <datafield tag="020" ind1=" " ind2=" ">
            <subfield code="q">ib.</subfield>
            <subfield code="c">Nkr 5.50</subfield>
        </datafield>
        <datafield tag="041" ind1="1" ind2=" ">
            <subfield code="h">eng</subfield>
        </datafield>
        <datafield tag="100" ind1="1" ind2=" ">
            <subfield code="a">Twain, Mark</subfield>
            <subfield code="d">1835-1910</subfield>
            <subfield code="4">aut</subfield>
            <subfield code="0">(NO-TrBIB)90056487</subfield>
        </datafield>
        <datafield tag="245" ind1="1" ind2="0">
            <subfield code="a">Troskyldige globetrottere :</subfield>
            <subfield code="b">(innocense abroad)</subfield>
            <subfield code="c">fritt overført til norsk av Per Kvist</subfield>
        </datafield>
        <datafield tag="246" ind1="1" ind2=" ">
            <subfield code="a">Innocense abroad</subfield>
            <subfield code="i">Originaltittel</subfield>
        </datafield>
        <datafield tag="260" ind1=" " ind2=" ">
            <subfield code="a">Oslo</subfield>
            <subfield code="b">Grundt Tanum</subfield>
            <subfield code="c">1940</subfield>
        </datafield>
        <datafield tag="300" ind1=" " ind2=" ">
            <subfield code="a">146 s.</subfield>
        </datafield>
        <datafield tag="700" ind1="1" ind2=" ">
            <subfield code="a">Kvist, Per</subfield>
            <subfield code="d">1890-1947</subfield>
            <subfield code="4">trl</subfield>
            <subfield code="0">(NO-TrBIB)90372331</subfield>
        </datafield>
    </record>