
    <record>
        <leader>02248cam a22006137c 4500</leader>
        <controlfield tag="001">990407499084702202</controlfield>
        <controlfield tag="003">Bibsys</controlfield>
        <controlfield tag="005">20230303100530.0</controlfield>
        <controlfield tag="007">cr||||||||||||</controlfield>
        <controlfield tag="007">ta</controlfield>
        <controlfield tag="008">140622s1937    no#||||j |||||000|u|nob| </controlfield>
        <datafield tag="020" ind1=" " ind2=" ">
            <subfield code="q">h.</subfield>
            <subfield code="c">Nkr 1.50</subfield>
        </datafield>
        <datafield tag="041" ind1="1" ind2=" ">
            <subfield code="h">eng</subfield>
        </datafield>
        <datafield tag="100" ind1="1" ind2=" ">
            <subfield code="a">Twain, Mark</subfield>
            <subfield code="d">1835-1910</subfield>
            <subfield code="0">(NO-TrBIB)90056487</subfield>
        </datafield>
        <datafield tag="245" ind1="1" ind2="0">
            <subfield code="a">Tiggerprinsen</subfield>
            <subfield code="c">Mark Twain</subfield>
        </datafield>
        <datafield tag="246" ind1="1" ind2=" ">
            <subfield code="a">The Prince and the pauper</subfield>
            <subfield code="i">Originaltittel</subfield>
        </datafield>
        <datafield tag="260" ind1=" " ind2=" ">
            <subfield code="a">Oslo</subfield>
            <subfield code="b">Gyldendal</subfield>
            <subfield code="c">1937</subfield>
        </datafield>
        <datafield tag="300" ind1=" " ind2=" ">
            <subfield code="a">126 s.</subfield>
        </datafield>
        <datafield tag="490" ind1="1" ind2=" ">
            <subfield code="a">GGG-bøkene</subfield>
        </datafield>
        <datafield tag="700" ind1="1" ind2=" ">
            <subfield code="a">Horvei, Johannes</subfield>
            <subfield code="0">(NO-TrBIB)2037995</subfield>
            <subfield code="4">trl</subfield>
        </datafield>
        <datafield tag="700" ind1="1" ind2="2">
            <subfield code="a">Twain, Mark</subfield>
            <subfield code="d">1835-1910</subfield>
            <subfield code="t">Prinsen og fattiggutten</subfield>
            <subfield code="0">(NO-TrBIB)90056487</subfield>
        </datafield>
        <datafield tag="830" ind1=" " ind2="0">
            <subfield code="a">Gyldendals gode guttebøker</subfield>
        </datafield>
    </record>