
    <record>
        <leader>01297cam a2200397 c 4500</leader>
        <controlfield tag="001">990413418214702202</controlfield>
        <controlfield tag="003">Bibsys</controlfield>
        <controlfield tag="005">20160622153843.0</controlfield>
        <controlfield tag="007">ta</controlfield>
        <controlfield tag="008">140924s1929    no#||||j||||||000|u|nob| </controlfield>
        <datafield tag="020" ind1=" " ind2=" ">
            <subfield code="q">ib.</subfield>
            <subfield code="c">Nkr 3.00</subfield>
        </datafield>
        <datafield tag="041" ind1="1" ind2=" ">
            <subfield code="h">eng</subfield>
        </datafield>
        <datafield tag="100" ind1="1" ind2=" ">
            <subfield code="a">Twain, Mark</subfield>
            <subfield code="d">1835-1910</subfield>
            <subfield code="4">aut</subfield>
            <subfield code="0">(NO-TrBIB)90056487</subfield>
        </datafield>
        <datafield tag="245" ind1="1" ind2="0">
            <subfield code="a">Tom Sawyer</subfield>
            <subfield code="c">Mark Twain ; oversatt av Annie Berckenhoff</subfield>
        </datafield>
        <datafield tag="246" ind1="1" ind2=" ">
            <subfield code="a">The adventures of Tom Sawyer</subfield>
            <subfield code="i">Originaltittel</subfield>
        </datafield>
        <datafield tag="260" ind1=" " ind2=" ">
            <subfield code="a">Oslo</subfield>
            <subfield code="b">Damm</subfield>
            <subfield code="c">[1929]</subfield>
        </datafield>
        <datafield tag="300" ind1=" " ind2=" ">
            <subfield code="a">201 s.</subfield>
        </datafield>
        <datafield tag="700" ind1="1" ind2=" ">
            <subfield code="a">Berckenhoff, Annie</subfield>
            <subfield code="d">1886-1961</subfield>
            <subfield code="4">trl</subfield>
            <subfield code="0">(NO-TrBIB)90111428</subfield>
        </datafield>
    </record>