
    <record>
        <leader>01381cam a22003857c 4500</leader>
        <controlfield tag="001">990413575314702202</controlfield>
        <controlfield tag="003">Bibsys</controlfield>
        <controlfield tag="005">20230303113016.0</controlfield>
        <controlfield tag="007">ta</controlfield>
        <controlfield tag="008">130425s1928    no#|||||||||||000|u|nno| </controlfield>
        <datafield tag="020" ind1=" " ind2=" ">
            <subfield code="q">h.</subfield>
            <subfield code="c">Nkr 2.00</subfield>
        </datafield>
        <datafield tag="020" ind1=" " ind2=" ">
            <subfield code="q">ib.</subfield>
            <subfield code="c">Nkr 2.75</subfield>
        </datafield>
        <datafield tag="041" ind1="1" ind2=" ">
            <subfield code="h">eng</subfield>
        </datafield>
        <datafield tag="100" ind1="1" ind2=" ">
            <subfield code="a">Twain, Mark</subfield>
            <subfield code="d">1835-1910</subfield>
            <subfield code="0">(NO-TrBIB)90056487</subfield>
        </datafield>
        <datafield tag="245" ind1="1" ind2="0">
            <subfield code="a">Prinsen og fattigguten</subfield>
            <subfield code="c">Mark Twain ; på norsk ved Johannes Horvei</subfield>
        </datafield>
        <datafield tag="246" ind1="1" ind2=" ">
            <subfield code="a">The prince and the pauper</subfield>
            <subfield code="i">Originaltittel</subfield>
        </datafield>
        <datafield tag="260" ind1=" " ind2=" ">
            <subfield code="a">Oslo</subfield>
            <subfield code="b">Norsk barneblad</subfield>
            <subfield code="c">1928</subfield>
        </datafield>
        <datafield tag="300" ind1=" " ind2=" ">
            <subfield code="a">191 s.</subfield>
            <subfield code="b">ill.</subfield>
        </datafield>
        <datafield tag="700" ind1="1" ind2=" ">
            <subfield code="a">Horvei, Johannes</subfield>
            <subfield code="4">trl</subfield>
        </datafield>
    </record>