
    <record>
        <leader>01959cam a2200493 c 4500</leader>
        <controlfield tag="001">990500381334702202</controlfield>
        <controlfield tag="003">Bibsys</controlfield>
        <controlfield tag="005">20230304105458.0</controlfield>
        <controlfield tag="007">cr||||||||||||</controlfield>
        <controlfield tag="007">ta</controlfield>
        <controlfield tag="008">130823s1913    xx#||||j |||||000|u|nno|d</controlfield>
        <datafield tag="041" ind1="1" ind2=" ">
            <subfield code="h">eng</subfield>
        </datafield>
        <datafield tag="100" ind1="1" ind2=" ">
            <subfield code="a">Twain, Mark</subfield>
            <subfield code="d">1835-1910</subfield>
            <subfield code="0">(NO-TrBIB)90056487</subfield>
        </datafield>
        <datafield tag="245" ind1="1" ind2="0">
            <subfield code="a">Jeanne D'Arc :</subfield>
            <subfield code="b">Orleans-møyi</subfield>
            <subfield code="c">utdrag or minnebladi til Sieur Louis de Conte ved Mark Twain ; paa norsk ved Marta Steinsvik</subfield>
        </datafield>
        <datafield tag="250" ind1=" " ind2=" ">
            <subfield code="a">Gjennomsedd utg.</subfield>
        </datafield>
        <datafield tag="260" ind1=" " ind2=" ">
            <subfield code="a">Oslo</subfield>
            <subfield code="b">Samlaget</subfield>
            <subfield code="c">1913</subfield>
        </datafield>
        <datafield tag="300" ind1=" " ind2=" ">
            <subfield code="a">205 s.</subfield>
        </datafield>
        <datafield tag="700" ind1="1" ind2=" ">
            <subfield code="a">Steinsvik, Marta</subfield>
            <subfield code="d">1877-1950</subfield>
            <subfield code="4">trl</subfield>
            <subfield code="0">(NO-TrBIB)90336332</subfield>
        </datafield>
    </record>