
    <record>
        <leader>01309cam a2200337 c 4500</leader>
        <controlfield tag="001">990506902304702202</controlfield>
        <controlfield tag="003">Bibsys</controlfield>
        <controlfield tag="005">20230304120452.0</controlfield>
        <controlfield tag="007">cr||||||||||||</controlfield>
        <controlfield tag="007">ta</controlfield>
        <controlfield tag="008">131001s1913    xx#||||| |||||000|u|nob|d</controlfield>
        <datafield tag="080" ind1=" " ind2=" ">
            <subfield code="a">820(73)</subfield>
        </datafield>
        <datafield tag="100" ind1="1" ind2=" ">
            <subfield code="a">Twain, Mark</subfield>
            <subfield code="d">1835-1910</subfield>
            <subfield code="0">(NO-TrBIB)90056487</subfield>
        </datafield>
        <datafield tag="245" ind1="1" ind2="0">
            <subfield code="a">Spionen fra Louisiana :</subfield>
            <subfield code="b">og andre fortællinger, satirer og humoresker</subfield>
            <subfield code="c">Mark Twain ; fra engelsk ved Holger Sinding</subfield>
        </datafield>
        <datafield tag="260" ind1=" " ind2=" ">
            <subfield code="a">Kristiania</subfield>
            <subfield code="b">Aschehoug</subfield>
            <subfield code="c">1913</subfield>
        </datafield>
        <datafield tag="300" ind1=" " ind2=" ">
            <subfield code="a">248 s.</subfield>
        </datafield>
        <datafield tag="490" ind1="0" ind2=" ">
            <subfield code="a">H. Aschehoug &amp; Co.s kronebibliotek</subfield>
        </datafield>
    </record>