
    <record>
        <leader>03461cam a2200685 c 4500</leader>
        <controlfield tag="001">990619114534702202</controlfield>
        <controlfield tag="003">Bibsys</controlfield>
        <controlfield tag="005">20230313134333.0</controlfield>
        <controlfield tag="007">ta</controlfield>
        <controlfield tag="008">150226s2006    no#||||j||||||000|0|nob| </controlfield>
        <datafield tag="020" ind1=" " ind2=" ">
            <subfield code="a">8242929874</subfield>
            <subfield code="q">ib.</subfield>
        </datafield>
        <datafield tag="020" ind1=" " ind2=" ">
            <subfield code="a">9788242929877</subfield>
            <subfield code="q">ib.</subfield>
        </datafield>
        <datafield tag="041" ind1="1" ind2=" ">
            <subfield code="h">eng</subfield>
        </datafield>
        <datafield tag="082" ind1="7" ind2="4">
            <subfield code="a">741.5973</subfield>
            <subfield code="q">NO-OsNB</subfield>
            <subfield code="2">5/nor</subfield>
        </datafield>
        <datafield tag="245" ind1="0" ind2="0">
            <subfield code="a">Han kom først til Kina :</subfield>
            <subfield code="b">Marco Polo</subfield>
            <subfield code="c">... [og 3 andre verk]</subfield>
        </datafield>
        <datafield tag="260" ind1=" " ind2=" ">
            <subfield code="a">Oslo</subfield>
            <subfield code="b">Egmont serieforl.</subfield>
            <subfield code="c">2006</subfield>
        </datafield>
        <datafield tag="300" ind1=" " ind2=" ">
            <subfield code="a">224 s.</subfield>
            <subfield code="b">ill.</subfield>
            <subfield code="c">26 cm</subfield>
        </datafield>
        <datafield tag="490" ind1="1" ind2=" ">
            <subfield code="a">Illustrerte klassikere</subfield>
            <subfield code="v">b. 2</subfield>
        </datafield>
        <datafield tag="500" ind1=" " ind2=" ">
            <subfield code="a">1. norske tegneserieutg. 1955 i serien Illustrerte klassikere som henholdsvis nr 5, 6, 7 og 8</subfield>
        </datafield>
        <datafield tag="500" ind1=" " ind2=" ">
            <subfield code="a">Inneholder tegneserieutg. basert på: Han kom først til Kina : Marco Polo. Else i Eventyrland / Lewis Carrol. En yankee fra Connecticut ved kong Arthurs hoff / Mark Twain. Den sveitsiske Robinson / Johann Wyss</subfield>
        </datafield>
        <datafield tag="700" ind1="1" ind2=" ">
            <subfield code="a">Isachsen, Haakon W.</subfield>
            <subfield code="d">1951-</subfield>
            <subfield code="q">(Haakon Winnæss)</subfield>
            <subfield code="0">(NO-TrBIB)90509382</subfield>
            <subfield code="4">edt</subfield>
        </datafield>
        <datafield tag="700" ind1="1" ind2="2">
            <subfield code="a">Carroll, Lewis</subfield>
            <subfield code="d">1832-1898</subfield>
            <subfield code="t">Alice's adventures in Wonderland</subfield>
            <subfield code="0">(NO-TrBIB)90588619</subfield>
        </datafield>
        <datafield tag="700" ind1="1" ind2="2">
            <subfield code="a">Carroll, Lewis</subfield>
            <subfield code="d">1832-1898</subfield>
            <subfield code="t">Else i eventyrland</subfield>
            <subfield code="0">(NO-TrBIB)90588619</subfield>
        </datafield>
        <datafield tag="700" ind1="1" ind2="2">
            <subfield code="a">Polo, Marco</subfield>
            <subfield code="d">1254?-1323?</subfield>
            <subfield code="t">Han kom først til Kina</subfield>
            <subfield code="0">(NO-TrBIB)90305873</subfield>
        </datafield>
        <datafield tag="700" ind1="1" ind2="2">
            <subfield code="a">Twain, Mark</subfield>
            <subfield code="d">1835-1910</subfield>
            <subfield code="t">A Connecticut yankee at the court of king Arthur</subfield>
            <subfield code="0">(NO-TrBIB)90056487</subfield>
        </datafield>
        <datafield tag="700" ind1="1" ind2="2">
            <subfield code="a">Twain, Mark</subfield>
            <subfield code="d">1835-1910</subfield>
            <subfield code="t">En yankee fra Connecticut ved kong Arthurs hoff</subfield>
            <subfield code="0">(NO-TrBIB)90056487</subfield>
        </datafield>
        <datafield tag="700" ind1="1" ind2="2">
            <subfield code="a">Wyss, Johann David</subfield>
            <subfield code="d">1743-1818</subfield>
            <subfield code="t">Schweizerische Robinson</subfield>
            <subfield code="0">(NO-TrBIB)90616473</subfield>
        </datafield>
        <datafield tag="700" ind1="1" ind2="2">
            <subfield code="a">Wyss, Jonathan</subfield>
            <subfield code="t">Den sveitsiske Robinson</subfield>
            <subfield code="0">(NO-TrBIB)10062653</subfield>
        </datafield>
        <datafield tag="830" ind1=" " ind2="0">
            <subfield code="a">Illustrerte klassikere</subfield>
            <subfield code="v">b. 2</subfield>
        </datafield>
    </record>