
    <record>
        <leader>02914cam a2200661 c 4500</leader>
        <controlfield tag="001">990717600244702202</controlfield>
        <controlfield tag="003">Bibsys</controlfield>
        <controlfield tag="005">20230531165548.0</controlfield>
        <controlfield tag="007">ta</controlfield>
        <controlfield tag="008">130425s2007    no#||||j||||||000|f|nob| </controlfield>
        <datafield tag="020" ind1=" " ind2=" ">
            <subfield code="a">9788252565553</subfield>
            <subfield code="q">ib.</subfield>
            <subfield code="c">Nkr 226.00</subfield>
        </datafield>
        <datafield tag="041" ind1="1" ind2=" ">
            <subfield code="h">eng</subfield>
        </datafield>
        <datafield tag="082" ind1="7" ind2="4">
            <subfield code="a">813</subfield>
            <subfield code="q">NO-OsNB</subfield>
            <subfield code="2">5/nor</subfield>
        </datafield>
        <datafield tag="100" ind1="1" ind2=" ">
            <subfield code="a">Twain, Mark</subfield>
            <subfield code="d">1835-1910</subfield>
            <subfield code="0">(NO-TrBIB)90056487</subfield>
        </datafield>
        <datafield tag="245" ind1="1" ind2="0">
            <subfield code="a">Tom Sawyer</subfield>
            <subfield code="c">Mark Twain ; illustrert av Erik Palmquist ; oversatt av Olav Angell</subfield>
        </datafield>
        <datafield tag="246" ind1="1" ind2=" ">
            <subfield code="a">The adventures of Tom Sawyer</subfield>
            <subfield code="i">Originaltittel</subfield>
        </datafield>
        <datafield tag="260" ind1=" " ind2=" ">
            <subfield code="a">[Oslo]</subfield>
            <subfield code="b">De norske bokklubbene</subfield>
            <subfield code="c">2007</subfield>
        </datafield>
        <datafield tag="300" ind1=" " ind2=" ">
            <subfield code="a">276 s.</subfield>
            <subfield code="b">ill.</subfield>
        </datafield>
        <datafield tag="490" ind1="1" ind2=" ">
            <subfield code="a">Bokklubbens barnebibliotek</subfield>
        </datafield>
        <datafield tag="500" ind1=" " ind2=" ">
            <subfield code="a">1. norske utg. Kristiania : Norsk barneblad, 1922 med tittel: Tom Sawyer og eventyri hans</subfield>
        </datafield>
        <datafield tag="500" ind1=" " ind2=" ">
            <subfield code="a">Mark Twain er psevdonym for Samuel Langhorne Clemens</subfield>
        </datafield>
        <datafield tag="700" ind1="1" ind2=" ">
            <subfield code="a">Angell, Olav</subfield>
            <subfield code="d">1932-2018</subfield>
            <subfield code="4">trl</subfield>
            <subfield code="0">(NO-TrBIB)90067113</subfield>
        </datafield>
        <datafield tag="700" ind1="1" ind2=" ">
            <subfield code="a">Palmquist, Erik</subfield>
            <subfield code="4">ill</subfield>
            <subfield code="0">(NO-TrBIB)10047763</subfield>
        </datafield>
        <datafield tag="740" ind1="0" ind2=" ">
            <subfield code="a">Tom Sawyer og eventyri hans</subfield>
        </datafield>
        <datafield tag="830" ind1=" " ind2="0">
            <subfield code="a">Bokklubbens barnebibliotek</subfield>
        </datafield>
    </record>