
    <record>
        <leader>04367cam a2200913 c 4500</leader>
        <controlfield tag="001">990800382714702202</controlfield>
        <controlfield tag="003">Bibsys</controlfield>
        <controlfield tag="005">20230308090510.0</controlfield>
        <controlfield tag="007">cr||||||||||||</controlfield>
        <controlfield tag="007">ta</controlfield>
        <controlfield tag="008">150413s2007    no ||||j |||||000|0|nob| </controlfield>
        <datafield tag="020" ind1=" " ind2=" ">
            <subfield code="a">9788281770034</subfield>
            <subfield code="q">ib.</subfield>
            <subfield code="c">Nkr 229.00</subfield>
        </datafield>
        <datafield tag="041" ind1="1" ind2=" ">
            <subfield code="h">dan</subfield>
        </datafield>
        <datafield tag="080" ind1=" " ind2=" ">
            <subfield code="a">82.01-053.2</subfield>
        </datafield>
        <datafield tag="082" ind1="0" ind2="4">
            <subfield code="a">809</subfield>
            <subfield code="2">21</subfield>
        </datafield>
        <datafield tag="082" ind1="0" ind2="4">
            <subfield code="a">809</subfield>
            <subfield code="2">23</subfield>
        </datafield>
        <datafield tag="082" ind1="7" ind2="4">
            <subfield code="a">809</subfield>
            <subfield code="q">NO-OsNB</subfield>
            <subfield code="2">5/nor</subfield>
        </datafield>
        <datafield tag="083" ind1="0" ind2=" ">
            <subfield code="a">09</subfield>
            <subfield code="z">1</subfield>
            <subfield code="2">21</subfield>
        </datafield>
        <datafield tag="083" ind1="0" ind2=" ">
            <subfield code="a">809.89282</subfield>
            <subfield code="2">23</subfield>
        </datafield>
        <datafield tag="100" ind1="1" ind2=" ">
            <subfield code="a">Thurah, Thomas</subfield>
            <subfield code="d">1963-</subfield>
            <subfield code="4">aut</subfield>
            <subfield code="0">(NO-TrBIB)90569644</subfield>
        </datafield>
        <datafield tag="245" ind1="1" ind2="0">
            <subfield code="a">Hva sier du, Oskar? :</subfield>
            <subfield code="b">verdenslitteratur fortalt for barn</subfield>
            <subfield code="c">Thomas Thurah ; oversatt fra dansk av Elin Brodin og Henning Hagerup</subfield>
        </datafield>
        <datafield tag="246" ind1="1" ind2=" ">
            <subfield code="a">Hvad siger du, Oskar?</subfield>
            <subfield code="b">verdenslitteraturen fortalt for børn</subfield>
            <subfield code="i">Originaltittel</subfield>
        </datafield>
        <datafield tag="260" ind1=" " ind2=" ">
            <subfield code="a">[Råde]</subfield>
            <subfield code="b">Heinesen forl.</subfield>
            <subfield code="c">cop. 2007</subfield>
        </datafield>
        <datafield tag="300" ind1=" " ind2=" ">
            <subfield code="a">177 s.</subfield>
        </datafield>
        <datafield tag="500" ind1=" " ind2=" ">
            <subfield code="a">Dansk originalutg.: København : Gyldendal, 2003</subfield>
        </datafield>
        <datafield tag="700" ind1="0" ind2="2">
            <subfield code="a">Dante Alighieri</subfield>
            <subfield code="d">1265-1321</subfield>
            <subfield code="t">Den gudommelige komedien</subfield>
            <subfield code="0">(NO-TrBIB)90051395</subfield>
        </datafield>
        <datafield tag="700" ind1="0" ind2="2">
            <subfield code="a">Sophocles</subfield>
            <subfield code="d">496-406 f.Kr.</subfield>
            <subfield code="t">Kong Oidipus</subfield>
            <subfield code="0">(NO-TrBIB)90084745</subfield>
        </datafield>
        <datafield tag="700" ind1="0" ind2="2">
            <subfield code="a">Voltaire</subfield>
            <subfield code="d">1694-1778</subfield>
            <subfield code="t">Candide</subfield>
            <subfield code="0">(NO-TrBIB)90672881</subfield>
        </datafield>
        <datafield tag="700" ind1="1" ind2=" ">
            <subfield code="a">Brodin, Elin</subfield>
            <subfield code="d">1963-</subfield>
            <subfield code="0">(NO-TrBIB)90086211</subfield>
            <subfield code="4">trl</subfield>
        </datafield>
        <datafield tag="700" ind1="1" ind2=" ">
            <subfield code="a">Hagerup, Helge</subfield>
            <subfield code="d">1933-2008</subfield>
            <subfield code="0">(NO-TrBIB)90051538</subfield>
            <subfield code="4">trl</subfield>
        </datafield>
        <datafield tag="700" ind1="1" ind2=" ">
            <subfield code="a">Hagerup, Henning</subfield>
            <subfield code="d">1959-</subfield>
            <subfield code="0">(NO-TrBIB)90555650</subfield>
            <subfield code="4">trl</subfield>
        </datafield>
        <datafield tag="700" ind1="1" ind2=" ">
            <subfield code="a">Hole, Stian</subfield>
            <subfield code="d">1969-</subfield>
            <subfield code="0">(NO-TrBIB)5023429</subfield>
            <subfield code="4">bjd</subfield>
        </datafield>
        <datafield tag="700" ind1="1" ind2="2">
            <subfield code="a">Cervantes Saavedra, Miguel de</subfield>
            <subfield code="d">1547-1616</subfield>
            <subfield code="t">Don Quijote</subfield>
            <subfield code="0">(NO-TrBIB)90055928</subfield>
        </datafield>
        <datafield tag="700" ind1="1" ind2="2">
            <subfield code="a">Dostoevskij, Fëdor</subfield>
            <subfield code="d">1821-1881</subfield>
            <subfield code="t">Forbrytelse og straff</subfield>
            <subfield code="0">(NO-TrBIB)1665644400023</subfield>
        </datafield>
        <datafield tag="700" ind1="1" ind2="2">
            <subfield code="a">Goethe, Johann Wolfgang von</subfield>
            <subfield code="d">1749-1832</subfield>
            <subfield code="t">Faust</subfield>
            <subfield code="0">(NO-TrBIB)90051083</subfield>
        </datafield>
        <datafield tag="700" ind1="1" ind2="2">
            <subfield code="a">Grass, Günter</subfield>
            <subfield code="d">1927-2015</subfield>
            <subfield code="t">Blikktrommen</subfield>
            <subfield code="0">(NO-TrBIB)90061209</subfield>
        </datafield>
        <datafield tag="700" ind1="1" ind2="2">
            <subfield code="a">Shakespeare, William</subfield>
            <subfield code="d">1564-1616</subfield>
            <subfield code="t">Romeo og Julie</subfield>
            <subfield code="0">(NO-TrBIB)90052737</subfield>
        </datafield>
        <datafield tag="700" ind1="1" ind2="2">
            <subfield code="a">Steinbeck, John</subfield>
            <subfield code="d">1902-1968</subfield>
            <subfield code="t">Øst for Eden</subfield>
            <subfield code="0">(NO-TrBIB)90081598</subfield>
        </datafield>
        <datafield tag="700" ind1="1" ind2="2">
            <subfield code="a">Twain, Mark</subfield>
            <subfield code="d">1835-1910</subfield>
            <subfield code="t">Huckleberry Finn</subfield>
            <subfield code="0">(NO-TrBIB)90056487</subfield>
        </datafield>
        <datafield tag="700" ind1="1" ind2="2">
            <subfield code="a">Woolf, Virginia</subfield>
            <subfield code="d">1882-1941</subfield>
            <subfield code="t">Til fyret</subfield>
            <subfield code="0">(NO-TrBIB)90068620</subfield>
        </datafield>
    </record>