
    <record>
        <leader>00809cam a22002297c 4500</leader>
        <controlfield tag="001">990808262534702202</controlfield>
        <controlfield tag="003">Bibsys</controlfield>
        <controlfield tag="005">20130425104814.0</controlfield>
        <controlfield tag="007">ta</controlfield>
        <controlfield tag="008">130425s1957    xx#|||||||||||000|u|eng| </controlfield>
        <datafield tag="100" ind1="1" ind2=" ">
            <subfield code="a">Twain, Mark</subfield>
            <subfield code="d">1835-1910</subfield>
            <subfield code="0">(NO-TrBIB)90056487</subfield>
        </datafield>
        <datafield tag="245" ind1="1" ind2="4">
            <subfield code="a">The prince and the pauper</subfield>
            <subfield code="c">by Mark Twain ; retold within the vocabulary of New Method Reader 2 by Michael West ; ill. by J. S. Goodall</subfield>
        </datafield>
        <datafield tag="260" ind1=" " ind2=" ">
            <subfield code="a">London</subfield>
            <subfield code="b">Longmans</subfield>
            <subfield code="c">1957</subfield>
        </datafield>
        <datafield tag="300" ind1=" " ind2=" ">
            <subfield code="a">64 s.</subfield>
            <subfield code="b">ill</subfield>
        </datafield>
        <datafield tag="490" ind1="1" ind2=" ">
            <subfield code="a">New method supplementary readers</subfield>
            <subfield code="v">Stage 2</subfield>
        </datafield>
        <datafield tag="700" ind1="1" ind2=" ">
            <subfield code="a">West, Michael</subfield>
            <subfield code="0">(NO-TrBIB)90723639</subfield>
        </datafield>
        <datafield tag="830" ind1=" " ind2="0">
            <subfield code="a">New method supplementary readers</subfield>
            <subfield code="v">Stage 2</subfield>
        </datafield>
    </record>