
    <record>
        <leader>03196cam a2200697 c 4500</leader>
        <controlfield tag="001">990926233954702202</controlfield>
        <controlfield tag="003">Bibsys</controlfield>
        <controlfield tag="005">20230609052400.0</controlfield>
        <controlfield tag="007">cr||||||||||||</controlfield>
        <controlfield tag="007">ta</controlfield>
        <controlfield tag="008">150905s2009    no#||||| |||||000|0|nob| </controlfield>
        <datafield tag="020" ind1=" " ind2=" ">
            <subfield code="a">9788242939845</subfield>
            <subfield code="q">ib.</subfield>
            <subfield code="c">Nkr 359.00</subfield>
        </datafield>
        <datafield tag="041" ind1="1" ind2=" ">
            <subfield code="h">eng</subfield>
        </datafield>
        <datafield tag="080" ind1=" " ind2=" ">
            <subfield code="a">820(08)</subfield>
        </datafield>
        <datafield tag="082" ind1="7" ind2="4">
            <subfield code="a">741.5973</subfield>
            <subfield code="q">NO-OsNB</subfield>
            <subfield code="2">5/nor</subfield>
        </datafield>
        <datafield tag="245" ind1="0" ind2="0">
            <subfield code="a">Reisen til månen</subfield>
            <subfield code="c">Jules Verne ... [og tre andre verk]</subfield>
        </datafield>
        <datafield tag="260" ind1=" " ind2=" ">
            <subfield code="a">Oslo</subfield>
            <subfield code="b">Egmont serieforl.</subfield>
            <subfield code="c">2009</subfield>
        </datafield>
        <datafield tag="300" ind1=" " ind2=" ">
            <subfield code="a">224 s.</subfield>
            <subfield code="b">ill.</subfield>
            <subfield code="c">26 cm</subfield>
        </datafield>
        <datafield tag="490" ind1="1" ind2=" ">
            <subfield code="a">Illustrerte klassikere</subfield>
            <subfield code="v">b. 17</subfield>
        </datafield>
        <datafield tag="500" ind1=" " ind2=" ">
            <subfield code="a">1. norske tegneserieutg. 1959 i serien Illustrerte klassikere som henholdsvis nr. 65, 66, 67 og 68</subfield>
        </datafield>
        <datafield tag="500" ind1=" " ind2=" ">
            <subfield code="a">Inneholder tegneserieutg. basert på: Reisen til månen / Jules Verne. Gullgraverliv / Bret Harte. Den hemmelighetsfulle øy / Jules Verne. Huckleberry Finn / Mark Twain</subfield>
        </datafield>
        <datafield tag="700" ind1="1" ind2="2">
            <subfield code="a">Harte, Bret</subfield>
            <subfield code="t">Western stories</subfield>
            <subfield code="0">(NO-TrBIB)90171738</subfield>
        </datafield>
        <datafield tag="700" ind1="1" ind2="2">
            <subfield code="a">Twain, Mark</subfield>
            <subfield code="d">1835-1910</subfield>
            <subfield code="t">Huckleberry Finn</subfield>
            <subfield code="0">(NO-TrBIB)90056487</subfield>
        </datafield>
        <datafield tag="700" ind1="1" ind2="2">
            <subfield code="a">Verne, Jules</subfield>
            <subfield code="d">1828-1905</subfield>
            <subfield code="t">From earth to the moon</subfield>
            <subfield code="0">(NO-TrBIB)90056052</subfield>
        </datafield>
        <datafield tag="700" ind1="1" ind2="2">
            <subfield code="a">Verne, Jules</subfield>
            <subfield code="d">1828-1905</subfield>
            <subfield code="t">Mysterious island</subfield>
            <subfield code="0">(NO-TrBIB)90056052</subfield>
        </datafield>
        <datafield tag="740" ind1="0" ind2=" ">
            <subfield code="a">Gullgraverliv</subfield>
        </datafield>
        <datafield tag="740" ind1="4" ind2=" ">
            <subfield code="a">Den hemmelighetsfulle øy</subfield>
        </datafield>
        <datafield tag="830" ind1=" " ind2="0">
            <subfield code="a">Illustrerte klassikere</subfield>
            <subfield code="v">b. 17</subfield>
        </datafield>
    </record>