
    <record>
        <leader>00742cam a22002297c 4500</leader>
        <controlfield tag="001">990927313764702202</controlfield>
        <controlfield tag="003">Bibsys</controlfield>
        <controlfield tag="005">20130425104814.0</controlfield>
        <controlfield tag="007">ta</controlfield>
        <controlfield tag="008">130425s1938    xx#|||||||||||000|u|swe| </controlfield>
        <datafield tag="100" ind1="1" ind2=" ">
            <subfield code="a">Twain, Mark</subfield>
            <subfield code="d">1835-1910</subfield>
            <subfield code="0">(NO-TrBIB)90056487</subfield>
        </datafield>
        <datafield tag="245" ind1="1" ind2="0">
            <subfield code="a">Tom Sawyer :</subfield>
            <subfield code="b">berättelsen om en skolpojke</subfield>
            <subfield code="c">av Mark Twain ; berättad för Saga av Hugo Gyllander</subfield>
        </datafield>
        <datafield tag="250" ind1=" " ind2=" ">
            <subfield code="a">2. uppl.</subfield>
        </datafield>
        <datafield tag="260" ind1=" " ind2=" ">
            <subfield code="a">Stockholm</subfield>
            <subfield code="b">Svensk läraretidnings förlag</subfield>
            <subfield code="c">1938</subfield>
        </datafield>
        <datafield tag="300" ind1=" " ind2=" ">
            <subfield code="a">224 s.</subfield>
            <subfield code="b">ill.</subfield>
        </datafield>
        <datafield tag="490" ind1="1" ind2=" ">
            <subfield code="a">Barnbiblioteket Saga</subfield>
            <subfield code="v">146</subfield>
        </datafield>
        <datafield tag="830" ind1=" " ind2="0">
            <subfield code="a">Barnbiblioteket Saga</subfield>
            <subfield code="v">146</subfield>
        </datafield>
    </record>