
    <record>
        <leader>00590cam a22001937c 4500</leader>
        <controlfield tag="001">990929090514702202</controlfield>
        <controlfield tag="003">Bibsys</controlfield>
        <controlfield tag="005">20130425104814.0</controlfield>
        <controlfield tag="007">ta</controlfield>
        <controlfield tag="008">130425s19uu    xx#|||||||||||000|u|dan| </controlfield>
        <datafield tag="100" ind1="1" ind2=" ">
            <subfield code="a">Twain, Mark</subfield>
            <subfield code="d">1835-1910</subfield>
            <subfield code="0">(NO-TrBIB)90056487</subfield>
        </datafield>
        <datafield tag="245" ind1="1" ind2="0">
            <subfield code="a">Huck Finns hændelser</subfield>
            <subfield code="c">Mark Twain ; titelblad tegnet af Gudmund Hentze</subfield>
        </datafield>
        <datafield tag="260" ind1=" " ind2=" ">
            <subfield code="a">Kjøbenhavn</subfield>
            <subfield code="b">Forlaget Danmark</subfield>
            <subfield code="c">[19-?]</subfield>
        </datafield>
        <datafield tag="300" ind1=" " ind2=" ">
            <subfield code="a">422 s.</subfield>
        </datafield>
    </record>