
    <record>
        <leader>00779cam a22002057c 4500</leader>
        <controlfield tag="001">990929388414702202</controlfield>
        <controlfield tag="003">Bibsys</controlfield>
        <controlfield tag="005">20130425104811.0</controlfield>
        <controlfield tag="007">ta</controlfield>
        <controlfield tag="008">130425s1961    xx#|||||||||||000|u|dan| </controlfield>
        <datafield tag="100" ind1="1" ind2=" ">
            <subfield code="a">Twain, Mark</subfield>
            <subfield code="d">1835-1910</subfield>
            <subfield code="0">(NO-TrBIB)90056487</subfield>
        </datafield>
        <datafield tag="245" ind1="1" ind2="0">
            <subfield code="a">Livet på Mississippi</subfield>
            <subfield code="c">Mark Twain ; illustreret af Ib Spang Olsen ; med indledning ved Frithiof Brandt og et essay af Johannes V. Jensen ; [denne oversættelse af dansk er foretaget af Rasmus Fischer]</subfield>
        </datafield>
        <datafield tag="246" ind1="1" ind2=" ">
            <subfield code="a">Life on the Mississippi</subfield>
            <subfield code="i">Originaltittel</subfield>
        </datafield>
        <datafield tag="260" ind1=" " ind2=" ">
            <subfield code="a">[København]</subfield>
            <subfield code="b">Fischer</subfield>
            <subfield code="b">Hertz</subfield>
            <subfield code="c">1961</subfield>
        </datafield>
        <datafield tag="300" ind1=" " ind2=" ">
            <subfield code="a">413 s.</subfield>
            <subfield code="b">ill.</subfield>
        </datafield>
    </record>