
    <record>
        <leader>01399cam a22003857c 4500</leader>
        <controlfield tag="001">990934947184702202</controlfield>
        <controlfield tag="003">Bibsys</controlfield>
        <controlfield tag="005">20160622155157.0</controlfield>
        <controlfield tag="007">ta</controlfield>
        <controlfield tag="008">130425s1969    no#||||j||||||000|0|nno| </controlfield>
        <datafield tag="041" ind1="1" ind2=" ">
            <subfield code="h">eng</subfield>
        </datafield>
        <datafield tag="082" ind1="7" ind2="4">
            <subfield code="a"> 812</subfield>
            <subfield code="q">NO-OsNB</subfield>
            <subfield code="2">2/nor</subfield>
        </datafield>
        <datafield tag="100" ind1="1" ind2=" ">
            <subfield code="a">Twain, Mark</subfield>
            <subfield code="d">1835-1910</subfield>
            <subfield code="0">(NO-TrBIB)90056487</subfield>
        </datafield>
        <datafield tag="245" ind1="1" ind2="0">
            <subfield code="a">Huckleberry Finn :</subfield>
            <subfield code="b">[kjøreplan for hørespill i tre deler]</subfield>
            <subfield code="c">Mark Twain ; dramatisert for skolekringkastinga av Ingebrigt Davik</subfield>
        </datafield>
        <datafield tag="246" ind1="1" ind2=" ">
            <subfield code="a">The adventures of Huckleberry Finn</subfield>
            <subfield code="i">Originaltittel</subfield>
        </datafield>
        <datafield tag="260" ind1=" " ind2=" ">
            <subfield code="a">[Oslo]</subfield>
            <subfield code="b">[Norsk rikskringkasting]</subfield>
            <subfield code="c">[1969]</subfield>
        </datafield>
        <datafield tag="300" ind1=" " ind2=" ">
            <subfield code="a">29+25+24 bl.</subfield>
            <subfield code="c">4°</subfield>
        </datafield>
        <datafield tag="500" ind1=" " ind2=" ">
            <subfield code="a">Hørespill sendt av Norsk rikskringkasting, skolekringkastinga /Radio 30.aug-13.sept. 1969</subfield>
        </datafield>
        <datafield tag="500" ind1=" " ind2=" ">
            <subfield code="a">Stensilert</subfield>
        </datafield>
        <datafield tag="700" ind1="1" ind2=" ">
            <subfield code="a">Davik, Ingebrigt</subfield>
            <subfield code="d">1925-1991</subfield>
            <subfield code="e">medarb.</subfield>
            <subfield code="0">(NO-TrBIB)90059073</subfield>
        </datafield>
        <datafield tag="740" ind1="0" ind2=" ">
            <subfield code="a">Huck Finn</subfield>
        </datafield>
    </record>