
    <record>
        <leader>01257cam a22003257c 4500</leader>
        <controlfield tag="001">990939846504702202</controlfield>
        <controlfield tag="003">Bibsys</controlfield>
        <controlfield tag="005">20230305162734.0</controlfield>
        <controlfield tag="007">ta</controlfield>
        <controlfield tag="008">110418s1889    xx ||||j||||||000|1|nob|d</controlfield>
        <datafield tag="041" ind1="1" ind2=" ">
            <subfield code="h">eng</subfield>
        </datafield>
        <datafield tag="100" ind1="1" ind2=" ">
            <subfield code="a">Twain, Mark</subfield>
        </datafield>
        <datafield tag="245" ind1="1" ind2="0">
            <subfield code="a">Huck Finns eventyr :</subfield>
            <subfield code="b">en amerikansk Guts Hændelser, fortalt av ham selv</subfield>
            <subfield code="c">Mark Twain ; oversat af Jacob Hilditch</subfield>
            <subfield code="n">2. del</subfield>
        </datafield>
        <datafield tag="246" ind1="1" ind2=" ">
            <subfield code="a">The Adventures of Huckleberry Finn</subfield>
            <subfield code="i">Originaltittel</subfield>
        </datafield>
        <datafield tag="260" ind1=" " ind2=" ">
            <subfield code="a">Kristiania</subfield>
            <subfield code="b">Omtvedt</subfield>
            <subfield code="c">1889</subfield>
        </datafield>
        <datafield tag="300" ind1=" " ind2=" ">
            <subfield code="a">248 s.</subfield>
        </datafield>
        <datafield tag="700" ind1="1" ind2=" ">
            <subfield code="a">Hilditch, Jacob</subfield>
            <subfield code="4">trl</subfield>
        </datafield>
    </record>