
    <record>
        <leader>00919cam a22002897c 4500</leader>
        <controlfield tag="001">990940074034702202</controlfield>
        <controlfield tag="003">Bibsys</controlfield>
        <controlfield tag="005">20160114215033.0</controlfield>
        <controlfield tag="007">ta</controlfield>
        <controlfield tag="008">110210s1962    xx#||||j||||||000|u|nno|d</controlfield>
        <datafield tag="041" ind1="1" ind2=" ">
            <subfield code="h">eng</subfield>
        </datafield>
        <datafield tag="100" ind1="1" ind2=" ">
            <subfield code="a">Twain, Mark</subfield>
        </datafield>
        <datafield tag="245" ind1="1" ind2="0">
            <subfield code="a">Huck Finn og eventyra hans</subfield>
            <subfield code="c">Mark Twain ; til norsk ved Johs. Farestveit</subfield>
        </datafield>
        <datafield tag="246" ind1="1" ind2=" ">
            <subfield code="a">The adventures of Huckleberry Finn</subfield>
            <subfield code="i">Originaltittel</subfield>
        </datafield>
        <datafield tag="260" ind1=" " ind2=" ">
            <subfield code="a">Larvik</subfield>
            <subfield code="b">Norsk barneblad</subfield>
            <subfield code="c">1962</subfield>
        </datafield>
        <datafield tag="300" ind1=" " ind2=" ">
            <subfield code="a">251 s.</subfield>
        </datafield>
        <datafield tag="700" ind1="1" ind2=" ">
            <subfield code="a">Farestveit, Johannes</subfield>
            <subfield code="4">trl</subfield>
        </datafield>
    </record>