
    <record>
        <leader>00834cam a22002657c 4500</leader>
        <controlfield tag="001">990940074704702202</controlfield>
        <controlfield tag="003">Bibsys</controlfield>
        <controlfield tag="005">20160114215034.0</controlfield>
        <controlfield tag="007">ta</controlfield>
        <controlfield tag="008">120124s1955    xx#||||j||||||000|u|eng|d</controlfield>
        <datafield tag="100" ind1="1" ind2=" ">
            <subfield code="a">Twain, Mark</subfield>
        </datafield>
        <datafield tag="245" ind1="1" ind2="4">
            <subfield code="a">The adventures of Tom Sawyer</subfield>
            <subfield code="c">by Mark Twain ; illustrated by C. Walter Hodges</subfield>
        </datafield>
        <datafield tag="260" ind1=" " ind2=" ">
            <subfield code="a">London</subfield>
            <subfield code="b">Dent</subfield>
            <subfield code="c">1955</subfield>
        </datafield>
        <datafield tag="300" ind1=" " ind2=" ">
            <subfield code="a">247 s.</subfield>
            <subfield code="b">ill.</subfield>
        </datafield>
        <datafield tag="700" ind1="1" ind2=" ">
            <subfield code="a">Hodges, C. Walter</subfield>
            <subfield code="4">ill</subfield>
        </datafield>
    </record>