
    <record>
        <leader>00988cam a2200289 c 4500</leader>
        <controlfield tag="001">990940182004702202</controlfield>
        <controlfield tag="003">Bibsys</controlfield>
        <controlfield tag="005">20130425104814.0</controlfield>
        <controlfield tag="007">ta</controlfield>
        <controlfield tag="008">130425s1975    xx#||||j||||||000|u|nob|d</controlfield>
        <datafield tag="041" ind1="1" ind2=" ">
            <subfield code="h">eng</subfield>
        </datafield>
        <datafield tag="100" ind1="1" ind2=" ">
            <subfield code="a">Twain, Mark</subfield>
            <subfield code="d">1835-1910</subfield>
            <subfield code="0">(NO-TrBIB)90056487</subfield>
        </datafield>
        <datafield tag="245" ind1="1" ind2="0">
            <subfield code="a">Tom Sawyer gjør en byttehandel</subfield>
            <subfield code="c">[Mark Twain] ; illustrert av M.-J. Maury ; norsk tekst: Venke Agnes Hoff</subfield>
        </datafield>
        <datafield tag="260" ind1=" " ind2=" ">
            <subfield code="a">Oslo</subfield>
            <subfield code="b">Damm</subfield>
            <subfield code="c">1975</subfield>
        </datafield>
        <datafield tag="300" ind1=" " ind2=" ">
            <subfield code="a">[8] bl.</subfield>
            <subfield code="b">ill.</subfield>
        </datafield>
        <datafield tag="700" ind1="1" ind2=" ">
            <subfield code="a">Engh, Venke Agnes</subfield>
            <subfield code="d">1942-</subfield>
            <subfield code="4">trl</subfield>
            <subfield code="0">(NO-TrBIB)90348769</subfield>
        </datafield>
        <datafield tag="700" ind1="1" ind2=" ">
            <subfield code="a">Maury, M.J..</subfield>
            <subfield code="4">ill</subfield>
            <subfield code="0">(NO-TrBIB)11029773</subfield>
        </datafield>
    </record>