
    <record>
        <leader>01452cam a2200373 c 4500</leader>
        <controlfield tag="001">990940182274702202</controlfield>
        <controlfield tag="003">Bibsys</controlfield>
        <controlfield tag="005">20230531182145.0</controlfield>
        <controlfield tag="007">ta</controlfield>
        <controlfield tag="008">130425s1975    no a   j |||||||||1 nob| </controlfield>
        <datafield tag="020" ind1=" " ind2=" ">
            <subfield code="q">ib.</subfield>
        </datafield>
        <datafield tag="041" ind1="1" ind2=" ">
            <subfield code="a">nob</subfield>
            <subfield code="h">eng</subfield>
        </datafield>
        <datafield tag="082" ind1="0" ind2="4">
            <subfield code="a">818.409</subfield>
            <subfield code="2">23/nor</subfield>
            <subfield code="q">NO-OsNB</subfield>
        </datafield>
        <datafield tag="100" ind1="1" ind2=" ">
            <subfield code="a">Twain, Mark</subfield>
            <subfield code="d">1835-1910</subfield>
            <subfield code="0">(NO-TrBIB)90056487</subfield>
            <subfield code="4">aut</subfield>
        </datafield>
        <datafield tag="240" ind1="1" ind2="4">
            <subfield code="a">The adventures of Tom Sawyer</subfield>
            <subfield code="k">Utvalg</subfield>
            <subfield code="l">Norsk</subfield>
        </datafield>
        <datafield tag="245" ind1="1" ind2="0">
            <subfield code="a">Tom Sawyer og skatten</subfield>
            <subfield code="c">[Mark Twain] ; illustrert av M.-J. Maury ; norsk tekst: Venke Agnes Hoff</subfield>
        </datafield>
        <datafield tag="260" ind1=" " ind2=" ">
            <subfield code="a">[Oslo]</subfield>
            <subfield code="b">Damm</subfield>
            <subfield code="c">cop. 1975</subfield>
        </datafield>
        <datafield tag="300" ind1=" " ind2=" ">
            <subfield code="a">[18] s.</subfield>
            <subfield code="b">ill.</subfield>
        </datafield>
        <datafield tag="385" ind1=" " ind2=" ">
            <subfield code="b">6-8 år</subfield>
            <subfield code="m">Aldersgruppe</subfield>
            <subfield code="0">https://schema.nb.no/Bibliographic/Values/TG1002</subfield>
            <subfield code="2">nortarget</subfield>
        </datafield>
        <datafield tag="700" ind1="1" ind2=" ">
            <subfield code="a">Engh, Venke Agnes</subfield>
            <subfield code="d">1942-</subfield>
            <subfield code="0">(NO-TrBIB)90348769</subfield>
            <subfield code="4">trl</subfield>
        </datafield>
        <datafield tag="700" ind1="1" ind2=" ">
            <subfield code="a">Maury, M.J.</subfield>
            <subfield code="0">(NO-TrBIB)11029773</subfield>
            <subfield code="4">ill</subfield>
        </datafield>
        <datafield tag="700" ind1="1" ind2=" ">
            <subfield code="a">Twain, Mark</subfield>
            <subfield code="d">1835-1910</subfield>
            <subfield code="t">The adventures of Tom Sawyer</subfield>
            <subfield code="k">Utvalg</subfield>
            <subfield code="l">Norsk</subfield>
            <subfield code="0">(NO-TrBIB)90056487</subfield>
        </datafield>
    </record>