
    <record>
        <leader>01024cam a2200325 c 4500</leader>
        <controlfield tag="001">990940182354702202</controlfield>
        <controlfield tag="003">Bibsys</controlfield>
        <controlfield tag="005">20130425104814.0</controlfield>
        <controlfield tag="007">ta</controlfield>
        <controlfield tag="008">130425s1982    xx#||||j||||||000|u|nob|d</controlfield>
        <datafield tag="020" ind1=" " ind2=" ">
            <subfield code="a">8272320657</subfield>
            <subfield code="q">ib.</subfield>
        </datafield>
        <datafield tag="041" ind1="1" ind2=" ">
            <subfield code="h">eng</subfield>
        </datafield>
        <datafield tag="100" ind1="1" ind2=" ">
            <subfield code="a">Twain, Mark</subfield>
            <subfield code="d">1835-1910</subfield>
            <subfield code="0">(NO-TrBIB)90056487</subfield>
        </datafield>
        <datafield tag="245" ind1="1" ind2="0">
            <subfield code="a">Tom Sawyers eventyr</subfield>
            <subfield code="c">av Mark Twain</subfield>
        </datafield>
        <datafield tag="246" ind1="1" ind2=" ">
            <subfield code="a">The adventures of Tom Sawyer</subfield>
            <subfield code="i">Originaltittel</subfield>
        </datafield>
        <datafield tag="260" ind1=" " ind2=" ">
            <subfield code="a">Oslo</subfield>
            <subfield code="b">Skandinavisk presse</subfield>
            <subfield code="c">1982</subfield>
        </datafield>
        <datafield tag="300" ind1=" " ind2=" ">
            <subfield code="a">[28] s.</subfield>
            <subfield code="b">ill.</subfield>
        </datafield>
        <datafield tag="490" ind1="1" ind2=" ">
            <subfield code="a">Bokklubben Barnas bokpakke</subfield>
        </datafield>
        <datafield tag="500" ind1=" " ind2=" ">
            <subfield code="a">Forkortet utgave</subfield>
        </datafield>
        <datafield tag="830" ind1=" " ind2="0">
            <subfield code="a">Bokklubben Barnas bokpakke</subfield>
        </datafield>
    </record>