
    <record>
        <leader>02771cam a22007217c 4500</leader>
        <controlfield tag="001">990940219964702202</controlfield>
        <controlfield tag="003">Bibsys</controlfield>
        <controlfield tag="005">20230305163351.0</controlfield>
        <controlfield tag="007">ta</controlfield>
        <controlfield tag="008">110815s1932    xx#||||j||||||000|u|nno|d</controlfield>
        <datafield tag="245" ind1="0" ind2="0">
            <subfield code="a">Bar og blom :</subfield>
            <subfield code="b">til upplesing i ungdomslag</subfield>
            <subfield code="c">samla av Johan Austbø</subfield>
        </datafield>
        <datafield tag="260" ind1=" " ind2=" ">
            <subfield code="a">Oslo</subfield>
            <subfield code="b">Norli</subfield>
            <subfield code="c">1932</subfield>
        </datafield>
        <datafield tag="300" ind1=" " ind2=" ">
            <subfield code="a">161 s.</subfield>
        </datafield>
        <datafield tag="490" ind1="1" ind2=" ">
            <subfield code="a">Bar og blom</subfield>
            <subfield code="v">3</subfield>
        </datafield>
        <datafield tag="700" ind1="1" ind2=" ">
            <subfield code="a">Austbø, Johan</subfield>
            <subfield code="4">edt</subfield>
        </datafield>
        <datafield tag="700" ind1="1" ind2="2">
            <subfield code="a">Arnetveit, Arne</subfield>
            <subfield code="t">Jo på Høgdene</subfield>
        </datafield>
        <datafield tag="700" ind1="1" ind2="2">
            <subfield code="a">Åsen, Ivar</subfield>
            <subfield code="t">Gagnløysa</subfield>
        </datafield>
        <datafield tag="700" ind1="1" ind2="2">
            <subfield code="a">Åsen, Ivar</subfield>
            <subfield code="t">Høgferd</subfield>
        </datafield>
        <datafield tag="700" ind1="1" ind2="2">
            <subfield code="a">Austbø, Johan</subfield>
            <subfield code="t">Hav</subfield>
        </datafield>
        <datafield tag="700" ind1="1" ind2="2">
            <subfield code="a">Austbø, Johan</subfield>
            <subfield code="t">Høgfjells-andlet</subfield>
        </datafield>
        <datafield tag="700" ind1="1" ind2="2">
            <subfield code="a">Austbø, Johan</subfield>
            <subfield code="t">I Knudaheio</subfield>
        </datafield>
        <datafield tag="700" ind1="1" ind2="2">
            <subfield code="a">Austbø, Johan</subfield>
            <subfield code="t">Måneskins-eventyr</subfield>
        </datafield>
        <datafield tag="700" ind1="1" ind2="2">
            <subfield code="a">Austbø, Johan</subfield>
            <subfield code="t">Ungdom!</subfield>
        </datafield>
        <datafield tag="700" ind1="1" ind2="2">
            <subfield code="a">Bj., S.</subfield>
            <subfield code="t">Sumarvarme</subfield>
        </datafield>
        <datafield tag="700" ind1="1" ind2="2">
            <subfield code="a">Bjørnarå, Torgeir</subfield>
            <subfield code="t">Etter jolefisk</subfield>
        </datafield>
        <datafield tag="700" ind1="1" ind2="2">
            <subfield code="a">Duun, Olav</subfield>
            <subfield code="t">Konfirmasjon</subfield>
        </datafield>
        <datafield tag="700" ind1="1" ind2="2">
            <subfield code="a">Eldegard, Sigurd</subfield>
            <subfield code="t">Ho Siri</subfield>
        </datafield>
        <datafield tag="700" ind1="1" ind2="2">
            <subfield code="a">Floden, Halvor</subfield>
            <subfield code="t">Jødehandel</subfield>
        </datafield>
        <datafield tag="700" ind1="1" ind2="2">
            <subfield code="a">Garborg, Arne</subfield>
            <subfield code="t">Han Lars i Lia</subfield>
        </datafield>
        <datafield tag="700" ind1="1" ind2="2">
            <subfield code="a">Garborg, Hulda</subfield>
            <subfield code="t">Noreg mitt land!</subfield>
        </datafield>
        <datafield tag="700" ind1="1" ind2="2">
            <subfield code="a">Høyne, H.</subfield>
            <subfield code="t">Ho Berit Veslehaugen og han Ola Storehaugen</subfield>
        </datafield>
        <datafield tag="700" ind1="1" ind2="2">
            <subfield code="a">Høyne, H.</subfield>
            <subfield code="t">Korleis Ola slapp fram for presten</subfield>
        </datafield>
        <datafield tag="700" ind1="1" ind2="2">
            <subfield code="a">Høyne, H.</subfield>
            <subfield code="t">Lars i Bakken</subfield>
        </datafield>
        <datafield tag="700" ind1="1" ind2="2">
            <subfield code="a">Ingenstad, Olav</subfield>
            <subfield code="t">Benkjevigsla</subfield>
        </datafield>
        <datafield tag="700" ind1="1" ind2="2">
            <subfield code="a">Jerpstad, Endre</subfield>
            <subfield code="t">Rådlagd</subfield>
        </datafield>
        <datafield tag="700" ind1="1" ind2="2">
            <subfield code="a">Kommedal, Simon</subfield>
            <subfield code="t">Kjøpetennene</subfield>
        </datafield>
        <datafield tag="700" ind1="1" ind2="2">
            <subfield code="a">Nesse, Sigurd</subfield>
            <subfield code="t">"Innflydelse"</subfield>
        </datafield>
        <datafield tag="700" ind1="1" ind2="2">
            <subfield code="a">Okkenhaug, Sigrun</subfield>
            <subfield code="t">Då lensmannen gjekk i vatnet</subfield>
        </datafield>
        <datafield tag="700" ind1="1" ind2="2">
            <subfield code="a">Pattursson, Pàll</subfield>
            <subfield code="t">Forminnini à Kirkjuböar gardi</subfield>
        </datafield>
        <datafield tag="700" ind1="1" ind2="2">
            <subfield code="a">Rytter, Ragna</subfield>
            <subfield code="t">Elsk og hat</subfield>
        </datafield>
        <datafield tag="700" ind1="1" ind2="2">
            <subfield code="a">Skarprud, Johannes</subfield>
            <subfield code="t">Han Birger uppå Brotet fortel</subfield>
        </datafield>
        <datafield tag="700" ind1="1" ind2="2">
            <subfield code="a">Skeibrok, M.</subfield>
            <subfield code="t">Dau-Lars</subfield>
        </datafield>
        <datafield tag="700" ind1="1" ind2="2">
            <subfield code="a">Skramstad, Adolf</subfield>
            <subfield code="t">Det vemmelige herskapet</subfield>
        </datafield>
        <datafield tag="700" ind1="1" ind2="2">
            <subfield code="a">Sletto, Olav</subfield>
            <subfield code="t">Inni skogstilla</subfield>
        </datafield>
        <datafield tag="700" ind1="1" ind2="2">
            <subfield code="a">Torvund, Olav</subfield>
            <subfield code="t">Dei stille viddene</subfield>
        </datafield>
        <datafield tag="700" ind1="1" ind2="2">
            <subfield code="a">Tu, Torvald</subfield>
            <subfield code="t">Han Julius</subfield>
        </datafield>
        <datafield tag="700" ind1="1" ind2="2">
            <subfield code="a">Tu, Torvald</subfield>
            <subfield code="t">Marselius-skjennepreik</subfield>
        </datafield>
        <datafield tag="700" ind1="1" ind2="2">
            <subfield code="a">Twain, Mark</subfield>
            <subfield code="t">Då eg vart intervjua</subfield>
        </datafield>
        <datafield tag="700" ind1="1" ind2="2">
            <subfield code="a">Vaage, Ragnvald</subfield>
            <subfield code="t">Brui</subfield>
        </datafield>
        <datafield tag="830" ind1=" " ind2="0">
            <subfield code="a">Bar og blom</subfield>
            <subfield code="v">3</subfield>
        </datafield>
    </record>