
    <record>
        <leader>00948cam a22003017c 4500</leader>
        <controlfield tag="001">990940489914702202</controlfield>
        <controlfield tag="003">Bibsys</controlfield>
        <controlfield tag="005">20160114215047.0</controlfield>
        <controlfield tag="007">ta</controlfield>
        <controlfield tag="008">120124s1958    xx#||||j||||||000|u|eng|d</controlfield>
        <datafield tag="041" ind1="1" ind2=" ">
            <subfield code="h">eng</subfield>
        </datafield>
        <datafield tag="100" ind1="1" ind2=" ">
            <subfield code="a">Twain, Mark</subfield>
        </datafield>
        <datafield tag="245" ind1="1" ind2="0">
            <subfield code="a">The adventures of Huckleberry Finn</subfield>
            <subfield code="c">by Mark Twain ; illustrated by Harold Minton</subfield>
        </datafield>
        <datafield tag="260" ind1=" " ind2=" ">
            <subfield code="a">New York, N.Y.</subfield>
            <subfield code="b">Pocket Books</subfield>
            <subfield code="c">1958</subfield>
        </datafield>
        <datafield tag="300" ind1=" " ind2=" ">
            <subfield code="a">374 s.</subfield>
            <subfield code="b">ill.</subfield>
        </datafield>
        <datafield tag="490" ind1="1" ind2=" ">
            <subfield code="a">The pocket library</subfield>
            <subfield code="v">42</subfield>
        </datafield>
        <datafield tag="700" ind1="1" ind2=" ">
            <subfield code="a">Minton, Harold</subfield>
            <subfield code="4">ill</subfield>
        </datafield>
        <datafield tag="830" ind1=" " ind2="4">
            <subfield code="a">The pocket library</subfield>
            <subfield code="v">42</subfield>
        </datafield>
    </record>