
    <record>
        <leader>00878cam a22003017c 4500</leader>
        <controlfield tag="001">990940490094702202</controlfield>
        <controlfield tag="003">Bibsys</controlfield>
        <controlfield tag="005">20160114215047.0</controlfield>
        <controlfield tag="007">ta</controlfield>
        <controlfield tag="008">120124s1978    xx#||||j||||||000|u|eng|d</controlfield>
        <datafield tag="020" ind1=" " ind2=" ">
            <subfield code="a">0140300627</subfield>
            <subfield code="q">h.</subfield>
        </datafield>
        <datafield tag="041" ind1="1" ind2=" ">
            <subfield code="h">eng</subfield>
        </datafield>
        <datafield tag="100" ind1="1" ind2=" ">
            <subfield code="a">Twain, Mark</subfield>
        </datafield>
        <datafield tag="245" ind1="1" ind2="0">
            <subfield code="a">The adventures of Tom Sawyer</subfield>
            <subfield code="c">Mark Twain</subfield>
        </datafield>
        <datafield tag="260" ind1=" " ind2=" ">
            <subfield code="a">Harmondsworth</subfield>
            <subfield code="b">Puffin Books</subfield>
            <subfield code="c">1978</subfield>
        </datafield>
        <datafield tag="300" ind1=" " ind2=" ">
            <subfield code="a">221 s.</subfield>
        </datafield>
        <datafield tag="490" ind1="1" ind2=" ">
            <subfield code="a">A Puffin Book</subfield>
        </datafield>
        <datafield tag="830" ind1=" " ind2="2">
            <subfield code="a">A Puffin Book</subfield>
        </datafield>
    </record>