
    <record>
        <leader>02167cam a2200469 c 4500</leader>
        <controlfield tag="001">991005286864702202</controlfield>
        <controlfield tag="003">Bibsys</controlfield>
        <controlfield tag="005">20230307141558.0</controlfield>
        <controlfield tag="007">ta</controlfield>
        <controlfield tag="008">130425s2010    xx#|||||||||||000|0|eng| </controlfield>
        <datafield tag="020" ind1=" " ind2=" ">
            <subfield code="a">0520248554</subfield>
            <subfield code="q">ib.</subfield>
        </datafield>
        <datafield tag="020" ind1=" " ind2=" ">
            <subfield code="a">9780520248557</subfield>
            <subfield code="q">ib.</subfield>
        </datafield>
        <datafield tag="082" ind1="7" ind2="4">
            <subfield code="a">810</subfield>
            <subfield code="q">NO-OsNB</subfield>
            <subfield code="2">5/nor</subfield>
        </datafield>
        <datafield tag="100" ind1="1" ind2=" ">
            <subfield code="a">Twain, Mark</subfield>
            <subfield code="d">1835-1910</subfield>
            <subfield code="0">(NO-TrBIB)90056487</subfield>
        </datafield>
        <datafield tag="245" ind1="1" ind2="0">
            <subfield code="a">Mark Twain's book of animals</subfield>
            <subfield code="c">edited with introduction, afterword, &amp; notes by Shelley Fisher Fishkin ; illustrations by Barry Moser ; text established by The Mark Twain Project, The Bancroft Library</subfield>
        </datafield>
        <datafield tag="260" ind1=" " ind2=" ">
            <subfield code="a">Berkeley, [Cal.]</subfield>
            <subfield code="b">University of California Press</subfield>
            <subfield code="c">cop. 2010</subfield>
        </datafield>
        <datafield tag="300" ind1=" " ind2=" ">
            <subfield code="a">X, 325 s.</subfield>
            <subfield code="b">ill.</subfield>
            <subfield code="c">26 cm</subfield>
        </datafield>
        <datafield tag="490" ind1="1" ind2=" ">
            <subfield code="a">Jumping frogs</subfield>
            <subfield code="v">3</subfield>
        </datafield>
        <datafield tag="600" ind1="1" ind2="7">
            <subfield code="a">Twain, Mark</subfield>
            <subfield code="d">1835-1910</subfield>
            <subfield code="0">(NO-TrBIB)90056487</subfield>
            <subfield code="2">bare</subfield>
        </datafield>
        <datafield tag="700" ind1="1" ind2=" ">
            <subfield code="a">Fishkin, Shelley Fisher</subfield>
            <subfield code="0">(NO-TrBIB)90767447</subfield>
        </datafield>
        <datafield tag="710" ind1="2" ind2=" ">
            <subfield code="a">Bancroft Library</subfield>
            <subfield code="b">Mark Twain Project</subfield>
            <subfield code="0">(NO-TrBIB)10032142</subfield>
        </datafield>
        <datafield tag="776" ind1="0" ind2=" ">
            <subfield code="t">Mark Twain's book of animals</subfield>
            <subfield code="w">991329915434702201</subfield>
        </datafield>
        <datafield tag="800" ind1="1" ind2=" ">
            <subfield code="a">Twain, Mark</subfield>
            <subfield code="t">Jumping frogs</subfield>
            <subfield code="v">3</subfield>
            <subfield code="d">1835-1910</subfield>
        </datafield>
    </record>