
    <record>
        <leader>02943cam a2200661 c 4500</leader>
        <controlfield tag="001">991016438374702202</controlfield>
        <controlfield tag="003">Bibsys</controlfield>
        <controlfield tag="005">20230609061100.0</controlfield>
        <controlfield tag="007">ta</controlfield>
        <controlfield tag="008">130425s2010    no#|||||||||||000|0|mul| </controlfield>
        <datafield tag="020" ind1=" " ind2=" ">
            <subfield code="a">9788242941916</subfield>
            <subfield code="q">ib.</subfield>
            <subfield code="c">Nkr 359.00</subfield>
        </datafield>
        <datafield tag="041" ind1="1" ind2=" ">
            <subfield code="a">nob</subfield>
            <subfield code="h">eng</subfield>
            <subfield code="a">eng</subfield>
        </datafield>
        <datafield tag="080" ind1=" " ind2=" ">
            <subfield code="a">82(08)</subfield>
        </datafield>
        <datafield tag="082" ind1="7" ind2="4">
            <subfield code="a">741.5973</subfield>
            <subfield code="q">NO-OsNB</subfield>
            <subfield code="2">5/nor</subfield>
        </datafield>
        <datafield tag="245" ind1="0" ind2="0">
            <subfield code="a">Månesteinen</subfield>
            <subfield code="c">William Wilkie Colins ... [og tre andre verk]</subfield>
        </datafield>
        <datafield tag="260" ind1=" " ind2=" ">
            <subfield code="a">Oslo</subfield>
            <subfield code="b">Egmont serieforl.</subfield>
            <subfield code="c">2010</subfield>
        </datafield>
        <datafield tag="300" ind1=" " ind2=" ">
            <subfield code="a">224 s.</subfield>
            <subfield code="b">ill.</subfield>
            <subfield code="c">26 cm</subfield>
        </datafield>
        <datafield tag="490" ind1="1" ind2=" ">
            <subfield code="a">Illustrerte klassikere</subfield>
            <subfield code="v">b. 25</subfield>
        </datafield>
        <datafield tag="500" ind1=" " ind2=" ">
            <subfield code="a">1. norske tegneserieutg. 1960 i serien Illustrerte klassikere som henholdsvis nr. 97, 98, 99 og 100</subfield>
        </datafield>
        <datafield tag="500" ind1=" " ind2=" ">
            <subfield code="a">Inneholder tegneserieutg. basert på: Månesteinen / William Wilkie Collins. "Dumme" Wilson / Mark Twain. Dyrenes kamp / Ernest Thompson Seton. De korsikanske brødre / Alexandre Dumas</subfield>
        </datafield>
        <datafield tag="700" ind1="1" ind2="2">
            <subfield code="a">Collins, Wilkie</subfield>
            <subfield code="d">1824-1889</subfield>
            <subfield code="t">The moonstone</subfield>
            <subfield code="0">(NO-TrBIB)90153092</subfield>
        </datafield>
        <datafield tag="700" ind1="1" ind2="2">
            <subfield code="a">Dumas, Alexandre</subfield>
            <subfield code="d">1802-1870</subfield>
            <subfield code="t">Les frères corses</subfield>
            <subfield code="0">(NO-TrBIB)90543244</subfield>
        </datafield>
        <datafield tag="700" ind1="1" ind2="2">
            <subfield code="a">Seton, Ernest Thompson</subfield>
            <subfield code="t">Lives of the hunted</subfield>
            <subfield code="0">(NO-TrBIB)90080930</subfield>
        </datafield>
        <datafield tag="700" ind1="1" ind2="2">
            <subfield code="a">Twain, Mark</subfield>
            <subfield code="d">1835-1910</subfield>
            <subfield code="t">Pudd'nhead Wilson</subfield>
            <subfield code="0">(NO-TrBIB)90056487</subfield>
        </datafield>
        <datafield tag="740" ind1="0" ind2=" ">
            <subfield code="a">"Dumme" Wilson</subfield>
        </datafield>
        <datafield tag="740" ind1="0" ind2=" ">
            <subfield code="a">De korsikanske brødre</subfield>
        </datafield>
        <datafield tag="740" ind1="0" ind2=" ">
            <subfield code="a">Månesteinen</subfield>
        </datafield>
        <datafield tag="830" ind1=" " ind2="0">
            <subfield code="a">Illustrerte klassikere</subfield>
            <subfield code="v">b. 25</subfield>
        </datafield>
    </record>