
    <record>
        <leader>02793cam a2200589 c 4500</leader>
        <controlfield tag="001">991022413504702202</controlfield>
        <controlfield tag="003">Bibsys</controlfield>
        <controlfield tag="005">20230531191113.0</controlfield>
        <controlfield tag="007">ta</controlfield>
        <controlfield tag="008">140410s2008    no#||||j||||||000|f|eng| </controlfield>
        <datafield tag="020" ind1=" " ind2=" ">
            <subfield code="a">9781405842778</subfield>
            <subfield code="q">h.</subfield>
        </datafield>
        <datafield tag="020" ind1=" " ind2=" ">
            <subfield code="a">9788202328559</subfield>
            <subfield code="c">Nkr 1990.00</subfield>
            <subfield code="q">Penguin readers bokpakke</subfield>
        </datafield>
        <datafield tag="082" ind1="7" ind2="4">
            <subfield code="a">813</subfield>
            <subfield code="q">NO-OsNB</subfield>
            <subfield code="2">5/nor</subfield>
        </datafield>
        <datafield tag="100" ind1="1" ind2=" ">
            <subfield code="a">Twain, Mark</subfield>
            <subfield code="d">1835-1910</subfield>
            <subfield code="0">(NO-TrBIB)90056487</subfield>
        </datafield>
        <datafield tag="245" ind1="1" ind2="4">
            <subfield code="a">The adventures of Tom Sawyer</subfield>
            <subfield code="c">Mark Twain ; retold by Jacqueline Kehl</subfield>
        </datafield>
        <datafield tag="260" ind1=" " ind2=" ">
            <subfield code="a">Harlow</subfield>
            <subfield code="a">[Oslo]</subfield>
            <subfield code="b">Pearson Education</subfield>
            <subfield code="b">[Cappelen Damm]</subfield>
            <subfield code="c">2008</subfield>
        </datafield>
        <datafield tag="300" ind1=" " ind2=" ">
            <subfield code="a">27 s.</subfield>
            <subfield code="b">ill.</subfield>
        </datafield>
        <datafield tag="490" ind1="1" ind2=" ">
            <subfield code="a">Penguin readers, Level 1</subfield>
        </datafield>
        <datafield tag="500" ind1=" " ind2=" ">
            <subfield code="a">Inngår i Penguin readers bokpakke distribuert 2010 på Cappelen Damm</subfield>
        </datafield>
        <datafield tag="700" ind1="1" ind2=" ">
            <subfield code="a">Kehl, Jacqueline</subfield>
            <subfield code="0">(NO-TrBIB)10078795</subfield>
        </datafield>
        <datafield tag="830" ind1=" " ind2="0">
            <subfield code="a">Penguin readers, Level 1</subfield>
        </datafield>
    </record>