
    <record>
        <leader>00760cam a22002177c 4500</leader>
        <controlfield tag="001">991123686464702202</controlfield>
        <controlfield tag="003">Bibsys</controlfield>
        <controlfield tag="005">20180509105548.0</controlfield>
        <controlfield tag="007">ta</controlfield>
        <controlfield tag="008">110504s1875    xx |||||||||||000|1|dan| </controlfield>
        <datafield tag="100" ind1="1" ind2=" ">
            <subfield code="a">Twain, Mark</subfield>
            <subfield code="d">1835-1910</subfield>
            <subfield code="0">(NO-TrBIB)90056487</subfield>
        </datafield>
        <datafield tag="245" ind1="1" ind2="0">
            <subfield code="a">Udvalgte Arbeider</subfield>
            <subfield code="n">B. 1</subfield>
            <subfield code="p">For Lud og koldt Vann</subfield>
        </datafield>
        <datafield tag="250" ind1=" " ind2=" ">
            <subfield code="a">2. betydelig forøgede Udg.</subfield>
        </datafield>
        <datafield tag="260" ind1=" " ind2=" ">
            <subfield code="a">Kjøbenhavn</subfield>
            <subfield code="b">Jørgensen</subfield>
            <subfield code="c">1875</subfield>
        </datafield>
        <datafield tag="300" ind1=" " ind2=" ">
            <subfield code="a">338 s.</subfield>
        </datafield>
        <datafield tag="773" ind1="0" ind2="8">
            <subfield code="i">Inkludert i</subfield>
            <subfield code="a">Twain, Mark, 1835-1910</subfield>
            <subfield code="t">Udvalgte Arbeider</subfield>
            <subfield code="b">2. betydelig forøgede Udg.</subfield>
            <subfield code="d">Kjøbenhavn : Jørgensen, 1875</subfield>
            <subfield code="g">B. 1</subfield>
            <subfield code="w">991123686204702201</subfield>
        </datafield>
    </record>