
    <record>
        <leader>02564cim a2200577 c 4500</leader>
        <controlfield tag="001">991126397804702202</controlfield>
        <controlfield tag="003">Bibsys</controlfield>
        <controlfield tag="005">20230307151658.0</controlfield>
        <controlfield tag="007">sd f||||||||||</controlfield>
        <controlfield tag="008">130806s2011    no#||||j|||||||f#|||nob| </controlfield>
        <datafield tag="020" ind1=" " ind2=" ">
            <subfield code="a">9788202357245</subfield>
            <subfield code="c">Nkr 225.00</subfield>
        </datafield>
        <datafield tag="041" ind1="1" ind2=" ">
            <subfield code="h">eng</subfield>
            <subfield code="d">nob</subfield>
        </datafield>
        <datafield tag="082" ind1="7" ind2="4">
            <subfield code="a">813</subfield>
            <subfield code="q">NO-OsNB</subfield>
            <subfield code="2">5/nor</subfield>
        </datafield>
        <datafield tag="100" ind1="1" ind2=" ">
            <subfield code="a">Twain, Mark</subfield>
            <subfield code="d">1835-1910</subfield>
            <subfield code="0">(NO-TrBIB)90056487</subfield>
        </datafield>
        <datafield tag="245" ind1="1" ind2="0">
            <subfield code="a">Huckleberry Finn</subfield>
            <subfield code="c">Mark Twain ; [oversetter: Zinken Hopp]</subfield>
            <subfield code="h">[lydopptak]</subfield>
        </datafield>
        <datafield tag="246" ind1="1" ind2=" ">
            <subfield code="a">The adventures of Huckleberry Finn</subfield>
            <subfield code="i">Originaltittel</subfield>
        </datafield>
        <datafield tag="260" ind1=" " ind2=" ">
            <subfield code="a">[Oslo]</subfield>
            <subfield code="b">Cappelen Damm</subfield>
            <subfield code="c">2011</subfield>
        </datafield>
        <datafield tag="300" ind1=" " ind2=" ">
            <subfield code="a">1 CD-MP3 (6 t, 9 min)</subfield>
            <subfield code="b">digital</subfield>
            <subfield code="c">12 cm, i omslag</subfield>
        </datafield>
        <datafield tag="490" ind1="1" ind2=" ">
            <subfield code="a">Klassikere</subfield>
        </datafield>
        <datafield tag="500" ind1=" " ind2=" ">
            <subfield code="a">1. norske lydbokutg. Billingstad : Fono, 1996</subfield>
        </datafield>
        <datafield tag="500" ind1=" " ind2=" ">
            <subfield code="a">Lest av Johannes Eckhoff</subfield>
        </datafield>
        <datafield tag="700" ind1="1" ind2=" ">
            <subfield code="a">Eckhoff, Johannes</subfield>
            <subfield code="d">1919-2007</subfield>
            <subfield code="e">medarb.</subfield>
            <subfield code="0">(NO-TrBIB)90605326</subfield>
        </datafield>
        <datafield tag="700" ind1="1" ind2=" ">
            <subfield code="a">Hopp, Zinken</subfield>
            <subfield code="d">1905-1987</subfield>
            <subfield code="e">overs.</subfield>
            <subfield code="4">trl</subfield>
            <subfield code="0">(NO-TrBIB)90084351</subfield>
        </datafield>
        <datafield tag="830" ind1=" " ind2="0">
            <subfield code="a">Klassikere</subfield>
        </datafield>
    </record>