
    <record>
        <leader>03289cam a2200697 c 4500</leader>
        <controlfield tag="001">991142529394702202</controlfield>
        <controlfield tag="003">Bibsys</controlfield>
        <controlfield tag="005">20230309105214.0</controlfield>
        <controlfield tag="007">cr||||||||||||</controlfield>
        <controlfield tag="007">ta</controlfield>
        <controlfield tag="008">141204s2011    no#||||| |||||000|0|nob| </controlfield>
        <datafield tag="020" ind1=" " ind2=" ">
            <subfield code="a">9788242944153</subfield>
            <subfield code="q">ib.</subfield>
            <subfield code="c">Nkr 359.00</subfield>
        </datafield>
        <datafield tag="041" ind1="1" ind2=" ">
            <subfield code="h">eng</subfield>
        </datafield>
        <datafield tag="082" ind1="7" ind2="4">
            <subfield code="a">741.5973</subfield>
            <subfield code="q">NO-OsNB</subfield>
            <subfield code="2">5/nor</subfield>
        </datafield>
        <datafield tag="245" ind1="0" ind2="0">
            <subfield code="a">Kosakkhøvdingen</subfield>
            <subfield code="c">Nikolaj Gogol ... [og tre andre verk]</subfield>
        </datafield>
        <datafield tag="260" ind1=" " ind2=" ">
            <subfield code="a">[Oslo]</subfield>
            <subfield code="b">Egmont serieforl.</subfield>
            <subfield code="c">2011</subfield>
        </datafield>
        <datafield tag="300" ind1=" " ind2=" ">
            <subfield code="a">224 s.</subfield>
            <subfield code="b">ill.</subfield>
            <subfield code="c">26 cm</subfield>
        </datafield>
        <datafield tag="490" ind1="1" ind2=" ">
            <subfield code="a">Illustrerte klassikere</subfield>
            <subfield code="v">b. 32</subfield>
        </datafield>
        <datafield tag="500" ind1=" " ind2=" ">
            <subfield code="a">1. norske tegneserieutg. 1961 i serien Illustrerte klassikere som henholdsvis nr. 125, 126, 127 og 128</subfield>
        </datafield>
        <datafield tag="500" ind1=" " ind2=" ">
            <subfield code="a">Inneholder tegneserieutg. basert på: Kosakkhøvdingen / Nikolaj Gogol. Mannen uten land / Edward Everett Hale. Tom Sawyers bedrifter / Mark Twain. Cellinis eventyr / Benvenuto Cellini</subfield>
        </datafield>
        <datafield tag="700" ind1="1" ind2="2">
            <subfield code="a">Cellini, Benvenuto</subfield>
            <subfield code="d">1500-1571</subfield>
            <subfield code="t">Adventures of Cellini</subfield>
            <subfield code="0">(NO-TrBIB)90067439</subfield>
        </datafield>
        <datafield tag="700" ind1="1" ind2="2">
            <subfield code="a">Gogol', N.V.</subfield>
            <subfield code="d">1809-1852</subfield>
            <subfield code="t">The cossack chief</subfield>
            <subfield code="0">(NO-TrBIB)90064605</subfield>
        </datafield>
        <datafield tag="700" ind1="1" ind2="2">
            <subfield code="a">Hale, Edward Everett</subfield>
            <subfield code="t">The man without a country</subfield>
            <subfield code="0">(NO-TrBIB)6058511</subfield>
        </datafield>
        <datafield tag="700" ind1="1" ind2="2">
            <subfield code="a">Twain, Mark</subfield>
            <subfield code="d">1835-1910</subfield>
            <subfield code="t">The adventures of Tom Sawyer</subfield>
            <subfield code="0">(NO-TrBIB)90056487</subfield>
        </datafield>
        <datafield tag="740" ind1="0" ind2=" ">
            <subfield code="a">Cellinis eventyr</subfield>
        </datafield>
        <datafield tag="740" ind1="0" ind2=" ">
            <subfield code="a">Mannen uten land</subfield>
        </datafield>
        <datafield tag="740" ind1="0" ind2=" ">
            <subfield code="a">Tom Sawyers bedrifter</subfield>
        </datafield>
        <datafield tag="830" ind1=" " ind2="0">
            <subfield code="a">Illustrerte klassikere</subfield>
            <subfield code="v">b. 32</subfield>
        </datafield>
    </record>