
    <record>
        <leader>00825caa a22002777c 4500</leader>
        <controlfield tag="001">991143542354702202</controlfield>
        <controlfield tag="003">Bibsys</controlfield>
        <controlfield tag="005">20190130105241.0</controlfield>
        <controlfield tag="007">ta</controlfield>
        <controlfield tag="008">110920s1996    xx#|||||||||||000|u|eng|d</controlfield>
        <datafield tag="100" ind1="1" ind2=" ">
            <subfield code="a">Twain, Mark</subfield>
        </datafield>
        <datafield tag="245" ind1="1" ind2="0">
            <subfield code="a">Struwwelpeter, or Happy tales and funny pictures</subfield>
        </datafield>
        <datafield tag="260" ind1=" " ind2=" ">
            <subfield code="c">1996</subfield>
        </datafield>
        <datafield tag="300" ind1=" " ind2=" ">
            <subfield code="a">S. 155-165</subfield>
        </datafield>
        <datafield tag="600" ind1="1" ind2="4">
            <subfield code="a">Hoffmann, Heinrich</subfield>
        </datafield>
        <datafield tag="773" ind1="0" ind2=" ">
            <subfield code="t">Lion and the unicorn (trykt utg.). </subfield>
            <subfield code="d">[Baltimore, Md.] : [Johns Hopkins University Press]</subfield>
            <subfield code="g">20(1996)nr. 2</subfield>
            <subfield code="x">0147-2593</subfield>
            <subfield code="w">990208465334702201</subfield>
        </datafield>
    </record>