
    <record>
        <leader>03175cam a2200709 c 4500</leader>
        <controlfield tag="001">991148257504702202</controlfield>
        <controlfield tag="003">Bibsys</controlfield>
        <controlfield tag="005">20230531204452.0</controlfield>
        <controlfield tag="007">ta</controlfield>
        <controlfield tag="008">140905s2012    no#||||j||||||000|f|nno| </controlfield>
        <datafield tag="020" ind1=" " ind2=" ">
            <subfield code="a">9788252179958</subfield>
            <subfield code="q">ib.</subfield>
            <subfield code="c">Nkr 289.00</subfield>
        </datafield>
        <datafield tag="041" ind1="1" ind2=" ">
            <subfield code="h">eng</subfield>
        </datafield>
        <datafield tag="082" ind1="0" ind2="4">
            <subfield code="a">028.5</subfield>
            <subfield code="2">23</subfield>
        </datafield>
        <datafield tag="082" ind1="7" ind2="4">
            <subfield code="a">813</subfield>
            <subfield code="q">NO-OsNB</subfield>
            <subfield code="2">5/nor</subfield>
        </datafield>
        <datafield tag="100" ind1="1" ind2=" ">
            <subfield code="a">Twain, Mark</subfield>
            <subfield code="d">1835-1910</subfield>
            <subfield code="0">(NO-TrBIB)90056487</subfield>
        </datafield>
        <datafield tag="245" ind1="1" ind2="0">
            <subfield code="a">Huck Finn og eventyra hans</subfield>
            <subfield code="c">Mark Twain ; frå engelsk ved Johs. Farestveit ; med illustrasjoner av E.W. Kemble</subfield>
        </datafield>
        <datafield tag="246" ind1="1" ind2=" ">
            <subfield code="a">Adventures of Huckleberry Finn</subfield>
            <subfield code="i">Originaltittel</subfield>
        </datafield>
        <datafield tag="250" ind1=" " ind2=" ">
            <subfield code="a">Rev. [utg.]</subfield>
            <subfield code="b">av Øystein Vidnes</subfield>
        </datafield>
        <datafield tag="260" ind1=" " ind2=" ">
            <subfield code="a">Oslo</subfield>
            <subfield code="b">Samlaget</subfield>
            <subfield code="c">2012</subfield>
        </datafield>
        <datafield tag="300" ind1=" " ind2=" ">
            <subfield code="a">377 s.</subfield>
            <subfield code="b">ill.</subfield>
        </datafield>
        <datafield tag="490" ind1="1" ind2=" ">
            <subfield code="a">Verdensklassikar</subfield>
        </datafield>
        <datafield tag="500" ind1=" " ind2=" ">
            <subfield code="a">1. norske utg. Kristiania : P. Omtvedts Forl., 1889 i 2 b. med tittel: Huck Finns eventyr</subfield>
        </datafield>
        <datafield tag="500" ind1=" " ind2=" ">
            <subfield code="a">Denne utg. er noe forkortet av oversetteren</subfield>
        </datafield>
        <datafield tag="500" ind1=" " ind2=" ">
            <subfield code="a">Også utgitt med titlene: Huck Finn og Huckleberry Finn</subfield>
        </datafield>
        <datafield tag="700" ind1="1" ind2=" ">
            <subfield code="a">Farestveit, Johannes</subfield>
            <subfield code="d">1923-1995</subfield>
            <subfield code="4">trl</subfield>
            <subfield code="0">(NO-TrBIB)90136780</subfield>
        </datafield>
        <datafield tag="700" ind1="1" ind2=" ">
            <subfield code="a">Kemble, E.W.</subfield>
            <subfield code="d">1861-1933</subfield>
            <subfield code="4">ill</subfield>
            <subfield code="0">(NO-TrBIB)3093972</subfield>
        </datafield>
        <datafield tag="700" ind1="1" ind2=" ">
            <subfield code="a">Stibbe, Simone</subfield>
            <subfield code="d">1980-</subfield>
            <subfield code="4">aft</subfield>
            <subfield code="0">(NO-TrBIB)9030490</subfield>
        </datafield>
        <datafield tag="700" ind1="1" ind2=" ">
            <subfield code="a">Vidnes, Øystein</subfield>
            <subfield code="d">1976-</subfield>
            <subfield code="4">trl</subfield>
            <subfield code="0">(NO-TrBIB)2099554</subfield>
        </datafield>
        <datafield tag="740" ind1="0" ind2=" ">
            <subfield code="a">Huck Finn</subfield>
        </datafield>
        <datafield tag="740" ind1="0" ind2=" ">
            <subfield code="a">Huckleberry Finn</subfield>
        </datafield>
        <datafield tag="776" ind1="0" ind2=" ">
            <subfield code="t">Huck Finn og eventyra hans</subfield>
            <subfield code="w">991412590434702201</subfield>
        </datafield>
        <datafield tag="830" ind1=" " ind2="0">
            <subfield code="a">Verdensklassikar</subfield>
        </datafield>
    </record>