
    <record>
        <leader>03060cam a2200637 c 4500</leader>
        <controlfield tag="001">991218531014702202</controlfield>
        <controlfield tag="003">Bibsys</controlfield>
        <controlfield tag="005">20230309131055.0</controlfield>
        <controlfield tag="007">cr||||||||||||</controlfield>
        <controlfield tag="007">ta</controlfield>
        <controlfield tag="008">150421s2012    no#||||| |||||000|0|nob| </controlfield>
        <datafield tag="020" ind1=" " ind2=" ">
            <subfield code="a">9788242945686</subfield>
            <subfield code="q">ib.</subfield>
            <subfield code="c">Nkr 365.00</subfield>
        </datafield>
        <datafield tag="041" ind1="1" ind2=" ">
            <subfield code="h">eng</subfield>
        </datafield>
        <datafield tag="082" ind1="7" ind2="4">
            <subfield code="a">741.5973</subfield>
            <subfield code="q">NO-OsNB</subfield>
            <subfield code="2">5/nor</subfield>
        </datafield>
        <datafield tag="245" ind1="0" ind2="0">
            <subfield code="a">Prinsen og tiggeren</subfield>
            <subfield code="c">Mark Twain ... [og tre andre verk]</subfield>
        </datafield>
        <datafield tag="260" ind1=" " ind2=" ">
            <subfield code="a">[Oslo]</subfield>
            <subfield code="b">Egmont serieforl.</subfield>
            <subfield code="c">2012</subfield>
        </datafield>
        <datafield tag="300" ind1=" " ind2=" ">
            <subfield code="a">224 s.</subfield>
            <subfield code="b">ill.</subfield>
            <subfield code="c">26 cm</subfield>
        </datafield>
        <datafield tag="490" ind1="1" ind2=" ">
            <subfield code="a">Illustrerte klassikere</subfield>
            <subfield code="v">b. 37</subfield>
        </datafield>
        <datafield tag="500" ind1=" " ind2=" ">
            <subfield code="a">1. norske tegneserieutg. 1962-1963 i serien Illustrerte klassikere som henholdsvis nr 145, 146, 147 og 148</subfield>
        </datafield>
        <datafield tag="500" ind1=" " ind2=" ">
            <subfield code="a">Feilskrevet forfatternavn på tittelsiden: George Alfred Hentley</subfield>
        </datafield>
        <datafield tag="500" ind1=" " ind2=" ">
            <subfield code="a">Inneholder tegneserieutg. basert på: Prinsen og tiggeren / Mark Twain. Faust / Johann Wolfgang von Goethe. Sagaen om Rolv Krake og hans kjemper. For frihetens sak / George Alfred Henty</subfield>
        </datafield>
        <datafield tag="700" ind1="1" ind2="2">
            <subfield code="a">Goethe, Johann Wolfgang von</subfield>
            <subfield code="d">1749-1832</subfield>
            <subfield code="t">Faust</subfield>
            <subfield code="0">(NO-TrBIB)90051083</subfield>
        </datafield>
        <datafield tag="700" ind1="1" ind2="2">
            <subfield code="a">Henty, G.A.</subfield>
            <subfield code="d">1832-1902</subfield>
            <subfield code="t">In freedom's cause</subfield>
            <subfield code="0">(NO-TrBIB)90902823</subfield>
        </datafield>
        <datafield tag="700" ind1="1" ind2="2">
            <subfield code="a">Twain, Mark</subfield>
            <subfield code="d">1835-1910</subfield>
            <subfield code="t">The prince and the pauper</subfield>
            <subfield code="0">(NO-TrBIB)90056487</subfield>
        </datafield>
        <datafield tag="740" ind1="0" ind2=" ">
            <subfield code="a">For frihetens sak</subfield>
        </datafield>
        <datafield tag="740" ind1="0" ind2=" ">
            <subfield code="a">Sagaen om Rolv Krake og hans kjemper</subfield>
        </datafield>
        <datafield tag="830" ind1=" " ind2="0">
            <subfield code="a">Illustrerte klassikere</subfield>
            <subfield code="v">b. 37</subfield>
        </datafield>
    </record>