
    <record>
        <leader>00808cam a22002297c 4500</leader>
        <controlfield tag="001">991329599334702202</controlfield>
        <controlfield tag="003">Bibsys</controlfield>
        <controlfield tag="005">20131004111436.0</controlfield>
        <controlfield tag="007">ta</controlfield>
        <controlfield tag="008">131004s1981    xx#|||||||||||000|u|epo| </controlfield>
        <datafield tag="020" ind1=" " ind2=" ">
            <subfield code="a">9635710852</subfield>
            <subfield code="q">h.</subfield>
        </datafield>
        <datafield tag="100" ind1="1" ind2=" ">
            <subfield code="a">Twain, Mark</subfield>
            <subfield code="d">1835-1910</subfield>
            <subfield code="0">(NO-TrBIB)90056487</subfield>
        </datafield>
        <datafield tag="245" ind1="1" ind2="3">
            <subfield code="a">La aventuroj de Tom Sawyer</subfield>
            <subfield code="c">Mark Twain ; la bildrakonton verkis Tibor Cs. Horváth ; desegnis Attila Dargay ; esperanta teksto de Vilmos Benczik</subfield>
        </datafield>
        <datafield tag="260" ind1=" " ind2=" ">
            <subfield code="a">[S.l.]</subfield>
            <subfield code="b">Hungara Esperanto-Asocio</subfield>
            <subfield code="c">1981</subfield>
        </datafield>
        <datafield tag="300" ind1=" " ind2=" ">
            <subfield code="a">28 s.</subfield>
            <subfield code="b">ill.</subfield>
        </datafield>
        <datafield tag="700" ind1="1" ind2=" ">
            <subfield code="a">Dargay, Attila</subfield>
            <subfield code="0">(NO-TrBIB)11080681</subfield>
        </datafield>
        <datafield tag="700" ind1="1" ind2=" ">
            <subfield code="a">Horváth, Tibor Cs.</subfield>
            <subfield code="0">(NO-TrBIB)11080682</subfield>
        </datafield>
    </record>