
    <record>
        <leader>01565cam a2200421 c 4500</leader>
        <controlfield tag="001">991434549004702202</controlfield>
        <controlfield tag="003">Bibsys</controlfield>
        <controlfield tag="005">20230309181327.0</controlfield>
        <controlfield tag="007">ta</controlfield>
        <controlfield tag="008">140923s196u    no#||||j||||||000|f|nob| </controlfield>
        <datafield tag="041" ind1="1" ind2=" ">
            <subfield code="h">eng</subfield>
        </datafield>
        <datafield tag="100" ind1="1" ind2=" ">
            <subfield code="a">Twain, Mark</subfield>
            <subfield code="d">1835-1910</subfield>
            <subfield code="4">aut</subfield>
            <subfield code="0">(NO-TrBIB)90056487</subfield>
        </datafield>
        <datafield tag="245" ind1="1" ind2="0">
            <subfield code="a">Tom Sawyer</subfield>
            <subfield code="c">Mark Twain ; fra engelsk ved Frihtjov Iversen</subfield>
        </datafield>
        <datafield tag="246" ind1="1" ind2=" ">
            <subfield code="a">The adventures of Tom Sawyer</subfield>
            <subfield code="i">Originaltittel</subfield>
        </datafield>
        <datafield tag="260" ind1=" " ind2=" ">
            <subfield code="a">[Oslo]</subfield>
            <subfield code="b">De unges forlag</subfield>
            <subfield code="c">[196-?]</subfield>
        </datafield>
        <datafield tag="300" ind1=" " ind2=" ">
            <subfield code="a">197 s.</subfield>
        </datafield>
        <datafield tag="490" ind1="1" ind2=" ">
            <subfield code="a">Store klassikere</subfield>
        </datafield>
        <datafield tag="700" ind1="1" ind2=" ">
            <subfield code="a">Iversen, Frithjov,</subfield>
            <subfield code="d">1895-1973</subfield>
            <subfield code="4">trl</subfield>
            <subfield code="0">(NO-TrBIB)90308073</subfield>
        </datafield>
        <datafield tag="830" ind1=" " ind2="0">
            <subfield code="a">Store klassikere</subfield>
        </datafield>
    </record>