
    <record>
        <leader>01445cam a2200385 c 4500</leader>
        <controlfield tag="001">991510719504702202</controlfield>
        <controlfield tag="003">Bibsys</controlfield>
        <controlfield tag="005">20230309194128.0</controlfield>
        <controlfield tag="007">ta</controlfield>
        <controlfield tag="008">150522s1979    no#|||||||||||000|1|nob| </controlfield>
        <datafield tag="020" ind1=" " ind2=" ">
            <subfield code="a">8290142323</subfield>
            <subfield code="q">h.</subfield>
            <subfield code="c">Nkr 29.50</subfield>
            <subfield code="q">(Rettet)</subfield>
        </datafield>
        <datafield tag="041" ind1="1" ind2=" ">
            <subfield code="h">eng</subfield>
        </datafield>
        <datafield tag="082" ind1="7" ind2="4">
            <subfield code="a"> 813</subfield>
            <subfield code="q">NO-OsNB</subfield>
            <subfield code="2">3/nor</subfield>
        </datafield>
        <datafield tag="100" ind1="1" ind2=" ">
            <subfield code="a">Twain, Mark</subfield>
        </datafield>
        <datafield tag="245" ind1="1" ind2="0">
            <subfield code="a">Utvalgte noveller :</subfield>
            <subfield code="b">syv fantastiske historier av Amerikas største humorist</subfield>
            <subfield code="c">Mark Twain ; oversatt av Stephan Lange Sandemose</subfield>
        </datafield>
        <datafield tag="260" ind1=" " ind2=" ">
            <subfield code="a">Oslo</subfield>
            <subfield code="b">Føniks forl.</subfield>
            <subfield code="c">1979</subfield>
        </datafield>
        <datafield tag="300" ind1=" " ind2=" ">
            <subfield code="a">S.[3]-154,[1] bl.</subfield>
        </datafield>
        <datafield tag="500" ind1=" " ind2=" ">
            <subfield code="a">På omslaget: 7 humoristiske fortellinger</subfield>
        </datafield>
        <datafield tag="700" ind1="1" ind2=" ">
            <subfield code="a">Sandemose, Stephan Lange</subfield>
            <subfield code="4">trl</subfield>
        </datafield>
    </record>