
    <record>
        <leader>00595cam a2200217 c 4500</leader>
        <controlfield tag="001">997521025404702202</controlfield>
        <controlfield tag="003">Bibsys</controlfield>
        <controlfield tag="005">20140625212930.0</controlfield>
        <controlfield tag="007">ta</controlfield>
        <controlfield tag="008">140625s1966    xx#|||||||||||000|u|eng|d</controlfield>
        <datafield tag="080" ind1=" " ind2=" ">
            <subfield code="a">820</subfield>
        </datafield>
        <datafield tag="080" ind1=" " ind2=" ">
            <subfield code="a">820(73)</subfield>
        </datafield>
        <datafield tag="100" ind1="1" ind2=" ">
            <subfield code="a">Twain, Mark</subfield>
            <subfield code="d">1835-1910</subfield>
            <subfield code="0">(NO-TrBIB)90056487</subfield>
        </datafield>
        <datafield tag="245" ind1="1" ind2="4">
            <subfield code="a">The adventures of Huckleberry Finn</subfield>
        </datafield>
        <datafield tag="260" ind1=" " ind2=" ">
            <subfield code="a">Ljubljana</subfield>
            <subfield code="b">Mladinska knjiga</subfield>
            <subfield code="c">1966</subfield>
        </datafield>
        <datafield tag="300" ind1=" " ind2=" ">
            <subfield code="a">320 s.</subfield>
        </datafield>
    </record>