
    <record>
        <leader>00775cam a2200241 c 4500</leader>
        <controlfield tag="001">998220276744702202</controlfield>
        <controlfield tag="003">Bibsys</controlfield>
        <controlfield tag="005">20130425104813.0</controlfield>
        <controlfield tag="007">ta</controlfield>
        <controlfield tag="008">130425s1957    xx#|||||||||||000|u|eng|d</controlfield>
        <datafield tag="020" ind1=" " ind2=" ">
            <subfield code="a">038501502X</subfield>
        </datafield>
        <datafield tag="100" ind1="1" ind2=" ">
            <subfield code="a">Twain, Mark</subfield>
            <subfield code="d">1835-1910</subfield>
            <subfield code="0">(NO-TrBIB)90056487</subfield>
        </datafield>
        <datafield tag="240" ind1="1" ind2="0">
            <subfield code="a">Utvalg</subfield>
        </datafield>
        <datafield tag="245" ind1="1" ind2="4">
            <subfield code="a">The complete short stories of Mark Twain now collected for the first time</subfield>
            <subfield code="c">edited with an introduction by Charles Neider</subfield>
        </datafield>
        <datafield tag="260" ind1=" " ind2=" ">
            <subfield code="a">New York</subfield>
            <subfield code="b">Doubleday</subfield>
            <subfield code="c">c1957</subfield>
        </datafield>
        <datafield tag="300" ind1=" " ind2=" ">
            <subfield code="a">XX, 676 s.</subfield>
        </datafield>
        <datafield tag="700" ind1="1" ind2=" ">
            <subfield code="a">Neider, Charles</subfield>
            <subfield code="0">(NO-TrBIB)90157984</subfield>
        </datafield>
    </record>