
    <record>
        <leader>01146cam a2200349 c 4500</leader>
        <controlfield tag="001">998320791034702202</controlfield>
        <controlfield tag="003">Bibsys</controlfield>
        <controlfield tag="005">20180802050123.0</controlfield>
        <controlfield tag="007">ta</controlfield>
        <controlfield tag="008">110826s1982    no#||||j||||||000|0|und|d</controlfield>
        <datafield tag="020" ind1=" " ind2=" ">
            <subfield code="a">8250305728</subfield>
        </datafield>
        <datafield tag="020" ind1=" " ind2=" ">
            <subfield code="a">8250305825</subfield>
            <subfield code="q">ib.</subfield>
            <subfield code="c">Nkr 79.00</subfield>
        </datafield>
        <datafield tag="041" ind1="1" ind2=" ">
            <subfield code="h">eng</subfield>
        </datafield>
        <datafield tag="082" ind1="7" ind2="4">
            <subfield code="a"> 813</subfield>
            <subfield code="q">NO-OsNB</subfield>
            <subfield code="2">3/nor</subfield>
        </datafield>
        <datafield tag="100" ind1="1" ind2=" ">
            <subfield code="a">Twain, Mark</subfield>
            <subfield code="d">1835-1910</subfield>
            <subfield code="0">(NO-TrBIB)90056487</subfield>
        </datafield>
        <datafield tag="245" ind1="1" ind2="0">
            <subfield code="a">Huckleberry Finn &amp; Tom Sawyer</subfield>
            <subfield code="c">[fra engelsk ved Fridthjov Iversen]</subfield>
            <subfield code="p">Tom Sawyer</subfield>
        </datafield>
        <datafield tag="260" ind1=" " ind2=" ">
            <subfield code="a">Oslo</subfield>
            <subfield code="b">Ansgar</subfield>
            <subfield code="c">1982</subfield>
        </datafield>
        <datafield tag="300" ind1=" " ind2=" ">
            <subfield code="a">197 s.</subfield>
        </datafield>
        <datafield tag="773" ind1="0" ind2="8">
            <subfield code="i">Inkludert i</subfield>
            <subfield code="a">Twain, Mark, 1835-1910</subfield>
            <subfield code="t">Huckleberry Finn &amp; Tom Sawyer</subfield>
            <subfield code="d">Oslo : Ansgar, 1982</subfield>
            <subfield code="z">8250305825</subfield>
            <subfield code="w">998320790814702201</subfield>
        </datafield>
    </record>