
    <record>
        <leader>02098cam a2200565 c 4500</leader>
        <controlfield tag="001">998420818874702202</controlfield>
        <controlfield tag="003">Bibsys</controlfield>
        <controlfield tag="005">20230310141410.0</controlfield>
        <controlfield tag="007">ta</controlfield>
        <controlfield tag="008">151020s1983    no#||||j||||||000|1|nob|d</controlfield>
        <datafield tag="020" ind1=" " ind2=" ">
            <subfield code="a">8250306198</subfield>
            <subfield code="q">ib.</subfield>
            <subfield code="c">Nkr 49.00</subfield>
        </datafield>
        <datafield tag="041" ind1="1" ind2=" ">
            <subfield code="h">eng</subfield>
        </datafield>
        <datafield tag="082" ind1="7" ind2="4">
            <subfield code="a">813</subfield>
            <subfield code="q">NO-OsNB</subfield>
            <subfield code="2">3/nor</subfield>
        </datafield>
        <datafield tag="100" ind1="1" ind2=" ">
            <subfield code="a">Twain, Mark</subfield>
            <subfield code="d">1835-1910</subfield>
            <subfield code="0">(NO-TrBIB)90056487</subfield>
        </datafield>
        <datafield tag="245" ind1="1" ind2="0">
            <subfield code="a">Detektiven Tom Sawyer</subfield>
            <subfield code="c">Mark Twain ; [oversettelse: Olav Hæreid]</subfield>
        </datafield>
        <datafield tag="246" ind1="1" ind2=" ">
            <subfield code="a">Tom Sawyer abroad</subfield>
            <subfield code="i">Originaltittel</subfield>
        </datafield>
        <datafield tag="260" ind1=" " ind2=" ">
            <subfield code="a">Oslo</subfield>
            <subfield code="b">Ansgar</subfield>
            <subfield code="c">c1983</subfield>
        </datafield>
        <datafield tag="300" ind1=" " ind2=" ">
            <subfield code="a">85 s.</subfield>
            <subfield code="c">21 cm</subfield>
        </datafield>
        <datafield tag="500" ind1=" " ind2=" ">
            <subfield code="a">1. norske utg. Oslo : Damm, 1965 med tittel: Tom Sawyer blir detektiv</subfield>
        </datafield>
        <datafield tag="700" ind1="1" ind2=" ">
            <subfield code="a">Hæreid, Olav.</subfield>
            <subfield code="4">trl</subfield>
            <subfield code="0">(NO-TrBIB)7030672</subfield>
        </datafield>
        <datafield tag="740" ind1="0" ind2=" ">
            <subfield code="a">Tom Sawyer blir detektiv</subfield>
        </datafield>
    </record>