
    <record>
        <leader>02169cam a2200577 c 4500</leader>
        <controlfield tag="001">998420818954702202</controlfield>
        <controlfield tag="003">Bibsys</controlfield>
        <controlfield tag="005">20230313083739.0</controlfield>
        <controlfield tag="007">ta</controlfield>
        <controlfield tag="008">130425s1983    no#||||j||||||000|1|nob|d</controlfield>
        <datafield tag="020" ind1=" " ind2=" ">
            <subfield code="a">8250306171</subfield>
            <subfield code="q">ib.</subfield>
            <subfield code="c">Nkr 49.00</subfield>
        </datafield>
        <datafield tag="041" ind1="1" ind2=" ">
            <subfield code="h">eng</subfield>
        </datafield>
        <datafield tag="082" ind1="7" ind2="4">
            <subfield code="a">813</subfield>
            <subfield code="q">NO-OsNB</subfield>
            <subfield code="2">3/nor</subfield>
        </datafield>
        <datafield tag="100" ind1="1" ind2=" ">
            <subfield code="a">Twain, Mark</subfield>
            <subfield code="d">1835-1910</subfield>
            <subfield code="0">(NO-TrBIB)90056487</subfield>
        </datafield>
        <datafield tag="240" ind1="1" ind2="0">
            <subfield code="a">Tom Sawyer abroad</subfield>
            <subfield code="l">Norsk</subfield>
        </datafield>
        <datafield tag="245" ind1="1" ind2="0">
            <subfield code="a">Tom Sawyer på nye eventyr</subfield>
            <subfield code="c">Mark Twain ; [oversatt av Olav Hareid [i.e. Hæreid]]</subfield>
        </datafield>
        <datafield tag="260" ind1=" " ind2=" ">
            <subfield code="a">Oslo</subfield>
            <subfield code="b">Ansgar</subfield>
            <subfield code="c">c1983</subfield>
        </datafield>
        <datafield tag="300" ind1=" " ind2=" ">
            <subfield code="a">106 s.</subfield>
            <subfield code="c">21 cm</subfield>
        </datafield>
        <datafield tag="500" ind1=" " ind2=" ">
            <subfield code="a">Oversatt og hentet fra Tom Sawyer abroad.</subfield>
        </datafield>
        <datafield tag="700" ind1="1" ind2=" ">
            <subfield code="a">Hæreid, Olav</subfield>
            <subfield code="4">trl</subfield>
        </datafield>
        <datafield tag="700" ind1="1" ind2=" ">
            <subfield code="a">Hareid, Olav</subfield>
            <subfield code="4">trl</subfield>
            <subfield code="0">(NO-TrBIB)10053730</subfield>
        </datafield>
    </record>