
    <record>
        <leader>02131cam a2200577 c 4500</leader>
        <controlfield tag="001">998422012974702202</controlfield>
        <controlfield tag="003">Bibsys</controlfield>
        <controlfield tag="005">20230310143820.0</controlfield>
        <controlfield tag="007">cr||||||||||||</controlfield>
        <controlfield tag="007">ta</controlfield>
        <controlfield tag="008">131128s1984    no#||||j |||||000|1|nno|d</controlfield>
        <datafield tag="020" ind1=" " ind2=" ">
            <subfield code="a">8270950513</subfield>
            <subfield code="q">ib.</subfield>
            <subfield code="c">Nkr 60.00</subfield>
        </datafield>
        <datafield tag="041" ind1="1" ind2=" ">
            <subfield code="h">eng</subfield>
        </datafield>
        <datafield tag="080" ind1=" " ind2=" ">
            <subfield code="a">820(73)</subfield>
        </datafield>
        <datafield tag="082" ind1="7" ind2="4">
            <subfield code="a">813</subfield>
            <subfield code="q">NO-OsNB</subfield>
            <subfield code="2">4/nor</subfield>
        </datafield>
        <datafield tag="100" ind1="1" ind2=" ">
            <subfield code="a">Twain, Mark</subfield>
            <subfield code="d">1835-1910</subfield>
            <subfield code="0">(NO-TrBIB)90056487</subfield>
        </datafield>
        <datafield tag="240" ind1="1" ind2="4">
            <subfield code="a">The adventures of Tom Sawyer</subfield>
            <subfield code="l">Norsk</subfield>
        </datafield>
        <datafield tag="245" ind1="1" ind2="0">
            <subfield code="a">Tom Sawyer og eventyra hans</subfield>
            <subfield code="c">Mark Twain ; omsett av Olav Osen ; [teikningar: Solveig Muren Sanden]</subfield>
        </datafield>
        <datafield tag="260" ind1=" " ind2=" ">
            <subfield code="a">[Larvik]</subfield>
            <subfield code="b">Norsk barneblad</subfield>
            <subfield code="c">1984</subfield>
        </datafield>
        <datafield tag="300" ind1=" " ind2=" ">
            <subfield code="a">240 s.</subfield>
            <subfield code="b">ill.</subfield>
            <subfield code="c">18 cm</subfield>
        </datafield>
        <datafield tag="700" ind1="1" ind2=" ">
            <subfield code="a">Osen, Olav</subfield>
            <subfield code="4">trl</subfield>
        </datafield>
        <datafield tag="700" ind1="1" ind2=" ">
            <subfield code="a">Sanden, Solveig Muren</subfield>
            <subfield code="d">1918-2013</subfield>
            <subfield code="4">ill</subfield>
            <subfield code="0">(NO-TrBIB)90136779</subfield>
        </datafield>
    </record>