
    <record>
        <leader>02379cam a2200601 c 4500</leader>
        <controlfield tag="001">998521610344702202</controlfield>
        <controlfield tag="003">Bibsys</controlfield>
        <controlfield tag="005">20230313093535.0</controlfield>
        <controlfield tag="007">ta</controlfield>
        <controlfield tag="008">150424s1985    no#||||j||||||000|1|nob|d</controlfield>
        <datafield tag="020" ind1=" " ind2=" ">
            <subfield code="a">8252514022</subfield>
            <subfield code="q">ib.</subfield>
            <subfield code="c">Nkr 84.50</subfield>
        </datafield>
        <datafield tag="041" ind1="1" ind2=" ">
            <subfield code="h">eng</subfield>
        </datafield>
        <datafield tag="082" ind1="7" ind2="4">
            <subfield code="a">813</subfield>
            <subfield code="q">NO-OsNB</subfield>
            <subfield code="2">4/nor</subfield>
        </datafield>
        <datafield tag="100" ind1="1" ind2=" ">
            <subfield code="a">Twain, Mark</subfield>
            <subfield code="d">1835-1910</subfield>
            <subfield code="0">(NO-TrBIB)90056487</subfield>
        </datafield>
        <datafield tag="240" ind1="1" ind2="4">
            <subfield code="a">The adventures of Huckleberry Finn</subfield>
            <subfield code="l">Norsk</subfield>
        </datafield>
        <datafield tag="245" ind1="1" ind2="0">
            <subfield code="a">Huckleberry Finn</subfield>
            <subfield code="c">Mark Twain ; oversatt av Olav Angell ; illustrert ved Erik Palmquist</subfield>
        </datafield>
        <datafield tag="260" ind1=" " ind2=" ">
            <subfield code="a">[Stabekk]</subfield>
            <subfield code="b">Bokklubbens barn</subfield>
            <subfield code="c">1985</subfield>
        </datafield>
        <datafield tag="300" ind1=" " ind2=" ">
            <subfield code="a">372 s.</subfield>
            <subfield code="b">ill.</subfield>
            <subfield code="c">23 cm</subfield>
        </datafield>
        <datafield tag="700" ind1="1" ind2=" ">
            <subfield code="a">Angell, Olav</subfield>
            <subfield code="d">1932-2018</subfield>
            <subfield code="4">trl</subfield>
            <subfield code="0">(NO-TrBIB)90067113</subfield>
        </datafield>
        <datafield tag="700" ind1="1" ind2=" ">
            <subfield code="a">Palmquist, Erik.</subfield>
            <subfield code="4">ill</subfield>
            <subfield code="0">(NO-TrBIB)10047763</subfield>
        </datafield>
    </record>