
    <record>
        <leader>01168cam a2200289 c 4500</leader>
        <controlfield tag="001">998530974454702202</controlfield>
        <controlfield tag="003">Bibsys</controlfield>
        <controlfield tag="005">20221018090201.0</controlfield>
        <controlfield tag="007">ta</controlfield>
        <controlfield tag="008">130425s1983    xx#|||||||||||000|u|eng|d</controlfield>
        <datafield tag="020" ind1=" " ind2=" ">
            <subfield code="a">0520050894</subfield>
        </datafield>
        <datafield tag="020" ind1=" " ind2=" ">
            <subfield code="a">0520051092</subfield>
        </datafield>
        <datafield tag="100" ind1="1" ind2=" ">
            <subfield code="a">Twain, Mark</subfield>
            <subfield code="d">1835-1910</subfield>
            <subfield code="0">(NO-TrBIB)90056487</subfield>
        </datafield>
        <datafield tag="245" ind1="1" ind2="2">
            <subfield code="a">A Connecticut Yankee in King Arthur's court</subfield>
            <subfield code="c">Mark Twain ; edited by Bernard L. Stein</subfield>
        </datafield>
        <datafield tag="260" ind1=" " ind2=" ">
            <subfield code="a">Berkeley</subfield>
            <subfield code="b">Published in cooperation with the University of Iowa [by] University of California Press</subfield>
            <subfield code="c">c1983</subfield>
        </datafield>
        <datafield tag="300" ind1=" " ind2=" ">
            <subfield code="a">XVII, 479 s.</subfield>
            <subfield code="b">ill.</subfield>
        </datafield>
        <datafield tag="490" ind1="1" ind2=" ">
            <subfield code="a">The Mark Twain library</subfield>
        </datafield>
        <datafield tag="500" ind1=" " ind2=" ">
            <subfield code="a">"A publication of the Mark Twain Project of the Bancroft Library".</subfield>
        </datafield>
        <datafield tag="700" ind1="1" ind2=" ">
            <subfield code="a">Stein, Bernard L.</subfield>
            <subfield code="0">(NO-TrBIB)90109907</subfield>
        </datafield>
        <datafield tag="830" ind1=" " ind2="0">
            <subfield code="a">The Mark Twain library</subfield>
        </datafield>
    </record>