
    <record>
        <leader>01853cam a2200517 c 4500</leader>
        <controlfield tag="001">998620498904702202</controlfield>
        <controlfield tag="003">Bibsys</controlfield>
        <controlfield tag="005">20160622162259.0</controlfield>
        <controlfield tag="007">ta</controlfield>
        <controlfield tag="008">130425s1983    no#||||j||||||000|1|nob|d</controlfield>
        <datafield tag="020" ind1=" " ind2=" ">
            <subfield code="a">8272320762</subfield>
            <subfield code="q">ib.</subfield>
            <subfield code="c">Nkr 31.45</subfield>
        </datafield>
        <datafield tag="041" ind1="1" ind2=" ">
            <subfield code="h">eng</subfield>
        </datafield>
        <datafield tag="082" ind1="7" ind2="4">
            <subfield code="a">813</subfield>
            <subfield code="q">NO-OsNB</subfield>
            <subfield code="2">3/nor</subfield>
        </datafield>
        <datafield tag="100" ind1="1" ind2=" ">
            <subfield code="a">Twain, Mark</subfield>
            <subfield code="d">1835-1910</subfield>
            <subfield code="0">(NO-TrBIB)90056487</subfield>
        </datafield>
        <datafield tag="245" ind1="1" ind2="0">
            <subfield code="a">Prinsen og tiggergutten</subfield>
            <subfield code="c">av Mark Twain ; [illustrasjoner: J. Boix ; norsk tekst: Oddrun Lyngstad]</subfield>
        </datafield>
        <datafield tag="246" ind1="1" ind2=" ">
            <subfield code="a">The prince and the pauper</subfield>
            <subfield code="i">Originaltittel</subfield>
        </datafield>
        <datafield tag="250" ind1=" " ind2=" ">
            <subfield code="a">Forkortet utg.</subfield>
        </datafield>
        <datafield tag="260" ind1=" " ind2=" ">
            <subfield code="a">Oslo</subfield>
            <subfield code="b">Skandinavisk presse</subfield>
            <subfield code="c">c1983</subfield>
        </datafield>
        <datafield tag="300" ind1=" " ind2=" ">
            <subfield code="a">[30] s.</subfield>
            <subfield code="b">ill.</subfield>
            <subfield code="c">29 cm</subfield>
        </datafield>
        <datafield tag="490" ind1="1" ind2=" ">
            <subfield code="a">Bokklubben Barnas bokpakke</subfield>
        </datafield>
        <datafield tag="500" ind1=" " ind2=" ">
            <subfield code="a">1. norske utg. Oslo : Norske barneblads forlag, 1928 med tittel: Prinsen og fatigguten.</subfield>
        </datafield>
        <datafield tag="500" ind1=" " ind2=" ">
            <subfield code="a">1. norske utgave: Kristiania : Aschehoug, 1917 med tittel:  Tiggerprinsen</subfield>
        </datafield>
        <datafield tag="700" ind1="1" ind2=" ">
            <subfield code="a">Boix, J..</subfield>
            <subfield code="4">ill</subfield>
            <subfield code="0">(NO-TrBIB)11029715</subfield>
        </datafield>
        <datafield tag="700" ind1="1" ind2=" ">
            <subfield code="a">Lyngstad, Oddrun</subfield>
            <subfield code="4">trl</subfield>
            <subfield code="0">(NO-TrBIB)90210449</subfield>
        </datafield>
        <datafield tag="830" ind1=" " ind2="0">
            <subfield code="a">Bokklubben Barnas bokpakke</subfield>
        </datafield>
    </record>