
    <record>
        <leader>00864cam a22002537c 4500</leader>
        <controlfield tag="001">998901022284702202</controlfield>
        <controlfield tag="003">Bibsys</controlfield>
        <controlfield tag="005">20130425104812.0</controlfield>
        <controlfield tag="007">ta</controlfield>
        <controlfield tag="008">130425s1966    xx#|||||||||||000|u|dan|d</controlfield>
        <datafield tag="080" ind1=" " ind2=" ">
            <subfield code="a">820(73)</subfield>
        </datafield>
        <datafield tag="100" ind1="1" ind2=" ">
            <subfield code="a">Twain, Mark</subfield>
            <subfield code="d">1835-1910</subfield>
            <subfield code="0">(NO-TrBIB)90056487</subfield>
        </datafield>
        <datafield tag="240" ind1="1" ind2="4">
            <subfield code="a">The adventures of Huckleberry Finn</subfield>
            <subfield code="l">Dansk</subfield>
        </datafield>
        <datafield tag="245" ind1="1" ind2="0">
            <subfield code="a">Huckleberry Finn</subfield>
            <subfield code="c">Mark Twain ; på dansk ved Ole Storm ; udgivet med efterskrift af Ole Storm</subfield>
        </datafield>
        <datafield tag="260" ind1=" " ind2=" ">
            <subfield code="a">København</subfield>
            <subfield code="b">Gyldendal</subfield>
            <subfield code="c">1966</subfield>
        </datafield>
        <datafield tag="300" ind1=" " ind2=" ">
            <subfield code="a">291 s.</subfield>
        </datafield>
        <datafield tag="490" ind1="1" ind2=" ">
            <subfield code="a">Gyldendals bibliotek, Verdenslitteratur</subfield>
            <subfield code="v">37</subfield>
        </datafield>
        <datafield tag="700" ind1="1" ind2=" ">
            <subfield code="a">Storm, Ole</subfield>
            <subfield code="d">1918-1988</subfield>
            <subfield code="0">(NO-TrBIB)90149246</subfield>
        </datafield>
        <datafield tag="830" ind1=" " ind2="0">
            <subfield code="a">Gyldendals bibliotek, Verdenslitteratur</subfield>
            <subfield code="v">37</subfield>
        </datafield>
    </record>