
    <record>
        <leader>02689cam a2200673 c 4500</leader>
        <controlfield tag="001">999102790634702202</controlfield>
        <controlfield tag="003">Bibsys</controlfield>
        <controlfield tag="005">20230312163028.0</controlfield>
        <controlfield tag="007">cr||||||||||||</controlfield>
        <controlfield tag="007">ta</controlfield>
        <controlfield tag="008">141114s1991    no#||||j |||||000|1|nob| </controlfield>
        <datafield tag="020" ind1=" " ind2=" ">
            <subfield code="a">8205201579</subfield>
            <subfield code="q">ib.</subfield>
            <subfield code="c">Nkr 49.00</subfield>
        </datafield>
        <datafield tag="041" ind1="1" ind2=" ">
            <subfield code="h">dan</subfield>
            <subfield code="h">eng</subfield>
        </datafield>
        <datafield tag="082" ind1="7" ind2="4">
            <subfield code="a">813</subfield>
            <subfield code="q">NO-OsNB</subfield>
            <subfield code="2">4/nor</subfield>
        </datafield>
        <datafield tag="100" ind1="1" ind2=" ">
            <subfield code="a">Twain, Mark</subfield>
            <subfield code="d">1835-1910</subfield>
            <subfield code="0">(NO-TrBIB)90056487</subfield>
        </datafield>
        <datafield tag="245" ind1="1" ind2="0">
            <subfield code="a">Tom Sawyer</subfield>
            <subfield code="c">Mark Twain ; oversatt av Inger Berset</subfield>
        </datafield>
        <datafield tag="246" ind1="1" ind2=" ">
            <subfield code="a">The adventures of Tom Sawyer</subfield>
            <subfield code="i">Originaltittel</subfield>
        </datafield>
        <datafield tag="250" ind1=" " ind2=" ">
            <subfield code="a">2. utg.</subfield>
        </datafield>
        <datafield tag="260" ind1=" " ind2=" ">
            <subfield code="a">Oslo</subfield>
            <subfield code="b">Gyldendal</subfield>
            <subfield code="c">1991</subfield>
        </datafield>
        <datafield tag="300" ind1=" " ind2=" ">
            <subfield code="a">211 s.</subfield>
            <subfield code="c">21 cm</subfield>
        </datafield>
        <datafield tag="490" ind1="0" ind2=" ">
            <subfield code="a">Bra bøker</subfield>
        </datafield>
        <datafield tag="500" ind1=" " ind2=" ">
            <subfield code="a">Oversatt etter en bearbeidet dansk utgave ved Poul Steenstrup. Denne norske oversettelsen opprinnelig utgitt 1982</subfield>
        </datafield>
        <datafield tag="700" ind1="1" ind2=" ">
            <subfield code="a">Berset, Inger</subfield>
            <subfield code="d">1911-2002</subfield>
            <subfield code="4">trl</subfield>
            <subfield code="0">(NO-TrBIB)90591080</subfield>
        </datafield>
        <datafield tag="700" ind1="1" ind2=" ">
            <subfield code="a">Sæther, Arild,</subfield>
            <subfield code="d">1940-</subfield>
            <subfield code="4">bjd</subfield>
            <subfield code="0">(NO-TrBIB)90264843</subfield>
        </datafield>
        <datafield tag="700" ind1="1" ind2=" ">
            <subfield code="a">Twain, Mark</subfield>
            <subfield code="d">1835-1910</subfield>
            <subfield code="0">(NO-TrBIB)90056487</subfield>
        </datafield>
    </record>