
    <record>
        <leader>00770cam a22002411c 4500</leader>
        <controlfield tag="001">999109477404702202</controlfield>
        <controlfield tag="003">Bibsys</controlfield>
        <controlfield tag="005">20170124084740.0</controlfield>
        <controlfield tag="007">ta</controlfield>
        <controlfield tag="008">131218s1978    xx#|||||||||||000|u|dan|d</controlfield>
        <datafield tag="100" ind1="1" ind2=" ">
            <subfield code="a">Twain, Mark</subfield>
            <subfield code="d">1835-1910</subfield>
            <subfield code="0">(NO-TrBIB)90056487</subfield>
        </datafield>
        <datafield tag="240" ind1="1" ind2="0">
            <subfield code="a">Utvalg</subfield>
        </datafield>
        <datafield tag="245" ind1="1" ind2="0">
            <subfield code="a">Mark Twains verden :</subfield>
            <subfield code="b">historier og artikler</subfield>
            <subfield code="c">udv. og overs. af Ole Storm</subfield>
        </datafield>
        <datafield tag="260" ind1=" " ind2=" ">
            <subfield code="a">København</subfield>
            <subfield code="c">1978</subfield>
        </datafield>
        <datafield tag="300" ind1=" " ind2=" ">
            <subfield code="a">339 s.</subfield>
            <subfield code="b">faks.</subfield>
        </datafield>
        <datafield tag="490" ind1="0" ind2=" ">
            <subfield code="a">&lt;Mark Twain&gt; / Storm, Ole</subfield>
            <subfield code="v">2</subfield>
        </datafield>
        <datafield tag="600" ind1="1" ind2="7">
            <subfield code="a">Twain, Mark</subfield>
            <subfield code="d">1835-1910</subfield>
            <subfield code="0">(NO-TrBIB)90056487</subfield>
            <subfield code="2">bare</subfield>
        </datafield>
        <datafield tag="700" ind1="1" ind2=" ">
            <subfield code="a">Storm, Ole</subfield>
            <subfield code="d">1918-1988</subfield>
            <subfield code="0">(NO-TrBIB)90149246</subfield>
        </datafield>
    </record>