
    <record>
        <leader>01385cam a2200421 c 4500</leader>
        <controlfield tag="001">999109487804702202</controlfield>
        <controlfield tag="003">Bibsys</controlfield>
        <controlfield tag="005">20160622162847.0</controlfield>
        <controlfield tag="007">ta</controlfield>
        <controlfield tag="008">140924s1968    no#||||j||||||000|0|eng| </controlfield>
        <datafield tag="020" ind1=" " ind2=" ">
            <subfield code="c">Nkr 6.25</subfield>
        </datafield>
        <datafield tag="082" ind1="7" ind2="4">
            <subfield code="a">428</subfield>
            <subfield code="q">NO-OsNB</subfield>
            <subfield code="2">2/nor</subfield>
        </datafield>
        <datafield tag="100" ind1="1" ind2=" ">
            <subfield code="a">Twain, Mark</subfield>
            <subfield code="d">1835-1910</subfield>
            <subfield code="4">aut</subfield>
            <subfield code="0">(NO-TrBIB)90056487</subfield>
        </datafield>
        <datafield tag="245" ind1="1" ind2="0">
            <subfield code="a">Tom Sawyer</subfield>
            <subfield code="c">Mark Twain ; [illustrations: Oskar Jørgensen]</subfield>
        </datafield>
        <datafield tag="260" ind1=" " ind2=" ">
            <subfield code="a">Oslo</subfield>
            <subfield code="b">Gyldendal</subfield>
            <subfield code="c">1968</subfield>
        </datafield>
        <datafield tag="300" ind1=" " ind2=" ">
            <subfield code="a">124 s.</subfield>
            <subfield code="b">ill.</subfield>
        </datafield>
        <datafield tag="490" ind1="1" ind2=" ">
            <subfield code="a">Easy readers, B</subfield>
        </datafield>
        <datafield tag="700" ind1="1" ind2=" ">
            <subfield code="a">Jørgensen, Oscar</subfield>
            <subfield code="4">ill</subfield>
        </datafield>
        <datafield tag="700" ind1="1" ind2=" ">
            <subfield code="a">Jørgensen, Oskar.</subfield>
            <subfield code="4">trl</subfield>
            <subfield code="0">(NO-TrBIB)10054936</subfield>
        </datafield>
        <datafield tag="830" ind1=" " ind2="0">
            <subfield code="a">Easy readers, B</subfield>
        </datafield>
    </record>