
    <record>
        <leader>01340cam a2200361 c 4500</leader>
        <controlfield tag="001">999109489254702202</controlfield>
        <controlfield tag="003">Bibsys</controlfield>
        <controlfield tag="005">20230312173717.0</controlfield>
        <controlfield tag="007">ta</controlfield>
        <controlfield tag="008">140127s1972    no#||||j||||||000|f|nob|d</controlfield>
        <datafield tag="020" ind1=" " ind2=" ">
            <subfield code="a">8251003067</subfield>
        </datafield>
        <datafield tag="041" ind1="1" ind2=" ">
            <subfield code="h">eng</subfield>
        </datafield>
        <datafield tag="100" ind1="1" ind2=" ">
            <subfield code="a">Twain, Mark</subfield>
            <subfield code="d">1835-1910</subfield>
            <subfield code="4">aut</subfield>
            <subfield code="0">(NO-TrBIB)90056487</subfield>
        </datafield>
        <datafield tag="245" ind1="1" ind2="0">
            <subfield code="a">Tom Sawyer</subfield>
            <subfield code="c">overs. av Frithjov Iversen</subfield>
        </datafield>
        <datafield tag="246" ind1="1" ind2=" ">
            <subfield code="a">The adventures of Tom Sawyer</subfield>
            <subfield code="i">Originaltittel</subfield>
        </datafield>
        <datafield tag="260" ind1=" " ind2=" ">
            <subfield code="a">&lt;Oslo&gt;</subfield>
            <subfield code="b">De Unge</subfield>
            <subfield code="c">1972</subfield>
            <subfield code="e">Gjøvik</subfield>
            <subfield code="f">Mariendal</subfield>
        </datafield>
        <datafield tag="300" ind1=" " ind2=" ">
            <subfield code="a">197 s.</subfield>
        </datafield>
        <datafield tag="700" ind1="1" ind2=" ">
            <subfield code="a">Iversen, Frithjov,</subfield>
            <subfield code="d">1895-1973</subfield>
            <subfield code="4">trl</subfield>
            <subfield code="0">(NO-TrBIB)90308073</subfield>
        </datafield>
    </record>