
    <record>
        <leader>01481cam a22003731c 4500</leader>
        <controlfield tag="001">999109493794702202</controlfield>
        <controlfield tag="003">Bibsys</controlfield>
        <controlfield tag="005">20230601082754.0</controlfield>
        <controlfield tag="007">ta</controlfield>
        <controlfield tag="008">130425s1905    xx#|||||||||||000|u|nob| </controlfield>
        <datafield tag="100" ind1="1" ind2=" ">
            <subfield code="a">Twain, Mark</subfield>
            <subfield code="d">1835-1910</subfield>
            <subfield code="0">(NO-TrBIB)90056487</subfield>
        </datafield>
        <datafield tag="245" ind1="1" ind2="3">
            <subfield code="a">En Landstryger paa Reise :</subfield>
            <subfield code="b">Skisser fra en Reise i Europa</subfield>
            <subfield code="c">af Mark Twain ; oversat af H.H.G.</subfield>
        </datafield>
        <datafield tag="260" ind1=" " ind2=" ">
            <subfield code="a">Chicago, Ill.</subfield>
            <subfield code="b">John Anderson Publishing</subfield>
            <subfield code="c">1905</subfield>
        </datafield>
        <datafield tag="300" ind1=" " ind2=" ">
            <subfield code="a">213 s.</subfield>
        </datafield>
    </record>