
    <record>
        <leader>01010cam a22002651c 4500</leader>
        <controlfield tag="001">999109498914702202</controlfield>
        <controlfield tag="003">Bibsys</controlfield>
        <controlfield tag="005">20130425104813.0</controlfield>
        <controlfield tag="007">ta</controlfield>
        <controlfield tag="008">130425s1969    xx#|||||||||||000|u|nob| </controlfield>
        <datafield tag="100" ind1="1" ind2=" ">
            <subfield code="a">Twain, Mark</subfield>
            <subfield code="d">1835-1910</subfield>
            <subfield code="0">(NO-TrBIB)90056487</subfield>
        </datafield>
        <datafield tag="240" ind1="1" ind2="4">
            <subfield code="a">The adventures of Huckleberry Finn</subfield>
            <subfield code="l">Norsk</subfield>
        </datafield>
        <datafield tag="245" ind1="1" ind2="0">
            <subfield code="a">Huckleberry Finns eventyr :</subfield>
            <subfield code="b">3 episodar</subfield>
            <subfield code="c">dramatisert  av Ingebrigt Davik ; &lt;høyrespel sendt av Norsk Rikskringkasting. Barne- og Ungdomsavd./Radio 30. aug. - 13. sept. 1969&gt;</subfield>
        </datafield>
        <datafield tag="260" ind1=" " ind2=" ">
            <subfield code="a">&lt;Oslo&gt;</subfield>
            <subfield code="c">&lt;1969&gt;</subfield>
        </datafield>
        <datafield tag="300" ind1=" " ind2=" ">
            <subfield code="a">Bl. 29+25+24</subfield>
        </datafield>
    </record>