
    <record>
        <leader>02534cam a2200637 c 4500</leader>
        <controlfield tag="001">999113067304702202</controlfield>
        <controlfield tag="003">Bibsys</controlfield>
        <controlfield tag="005">20230313101438.0</controlfield>
        <controlfield tag="007">cr||||||||||||</controlfield>
        <controlfield tag="007">ta</controlfield>
        <controlfield tag="008">140106s1991    no#||||j |||||000|j|nob| </controlfield>
        <datafield tag="020" ind1=" " ind2=" ">
            <subfield code="a">8259008807</subfield>
            <subfield code="q">ib.</subfield>
            <subfield code="c">Nkr 83.00</subfield>
        </datafield>
        <datafield tag="041" ind1="1" ind2=" ">
            <subfield code="h">eng</subfield>
        </datafield>
        <datafield tag="082" ind1="7" ind2="4">
            <subfield code="a">813</subfield>
            <subfield code="q">NO-OsNB</subfield>
            <subfield code="2">4/nor</subfield>
        </datafield>
        <datafield tag="100" ind1="1" ind2=" ">
            <subfield code="a">Disney, Walt</subfield>
            <subfield code="d">1901-1966</subfield>
            <subfield code="0">(NO-TrBIB)90057066</subfield>
        </datafield>
        <datafield tag="245" ind1="1" ind2="0">
            <subfield code="a">Prinsen og fattiggutten</subfield>
            <subfield code="c">Walt Disney ; [oversatt av Øystein Svarød]</subfield>
        </datafield>
        <datafield tag="260" ind1=" " ind2=" ">
            <subfield code="a">[Oslo]</subfield>
            <subfield code="b">Hjemmets bokforlag</subfield>
            <subfield code="c">1991</subfield>
        </datafield>
        <datafield tag="300" ind1=" " ind2=" ">
            <subfield code="a">96 s.</subfield>
            <subfield code="b">ill.</subfield>
            <subfield code="c">30 cm</subfield>
        </datafield>
        <datafield tag="490" ind1="0" ind2=" ">
            <subfield code="a">Disney's klassikere</subfield>
        </datafield>
        <datafield tag="700" ind1="1" ind2=" ">
            <subfield code="a">Svarød, Øystein</subfield>
            <subfield code="d">1947-</subfield>
            <subfield code="0">(NO-TrBIB)90390184</subfield>
            <subfield code="4">trl</subfield>
        </datafield>
        <datafield tag="700" ind1="1" ind2="2">
            <subfield code="a">Twain, Mark</subfield>
            <subfield code="d">1835-1910</subfield>
            <subfield code="t">Prinsen og fattiggutten</subfield>
            <subfield code="0">(NO-TrBIB)90056487</subfield>
        </datafield>
        <datafield tag="710" ind1="2" ind2=" ">
            <subfield code="a">Walt Disney Company</subfield>
            <subfield code="0">(NO-TrBIB)90554172</subfield>
        </datafield>
    </record>