
    <record>
        <leader>01574cam a2200421 c 4500</leader>
        <controlfield tag="001">999212815444702202</controlfield>
        <controlfield tag="003">Bibsys</controlfield>
        <controlfield tag="005">20160622163014.0</controlfield>
        <controlfield tag="008">130425s1992    no#||||j||||||000|1|nob| </controlfield>
        <datafield tag="020" ind1=" " ind2=" ">
            <subfield code="a">8291171033</subfield>
            <subfield code="c">Nkr 250.00 + moms</subfield>
        </datafield>
        <datafield tag="041" ind1="1" ind2=" ">
            <subfield code="h">eng</subfield>
        </datafield>
        <datafield tag="082" ind1="7" ind2="4">
            <subfield code="a">813</subfield>
            <subfield code="q">NO-OsNB</subfield>
            <subfield code="2">4/nor</subfield>
        </datafield>
        <datafield tag="100" ind1="1" ind2=" ">
            <subfield code="a">Twain, Mark</subfield>
            <subfield code="d">1835-1910</subfield>
            <subfield code="0">(NO-TrBIB)90056487</subfield>
        </datafield>
        <datafield tag="245" ind1="1" ind2="0">
            <subfield code="a">Tom Sawyer</subfield>
            <subfield code="c">Mark Twain ; [oversatt av: Zinken Hopp]</subfield>
            <subfield code="h">[lydopptak]</subfield>
        </datafield>
        <datafield tag="246" ind1="1" ind2=" ">
            <subfield code="a">Tom Sawyer</subfield>
            <subfield code="i">Originaltittel</subfield>
        </datafield>
        <datafield tag="260" ind1=" " ind2=" ">
            <subfield code="a">Billingstad</subfield>
            <subfield code="b">Fono forl.</subfield>
            <subfield code="c">cop. 1992</subfield>
        </datafield>
        <datafield tag="300" ind1=" " ind2=" ">
            <subfield code="a">4 kassetter (345 min) : analog ; i eske, 22,5 x 16,5 x 3 cm</subfield>
            <subfield code="c">i eske, 23 x 17 x</subfield>
        </datafield>
        <datafield tag="500" ind1=" " ind2=" ">
            <subfield code="a">Lest av: Johannes Eckhoff</subfield>
        </datafield>
        <datafield tag="700" ind1="1" ind2=" ">
            <subfield code="a">Eckhoff, Johannes</subfield>
            <subfield code="d">1919-2007</subfield>
            <subfield code="0">(NO-TrBIB)90605326</subfield>
        </datafield>
        <datafield tag="700" ind1="1" ind2=" ">
            <subfield code="a">Hopp, Zinken</subfield>
            <subfield code="4">trl</subfield>
        </datafield>
    </record>