
    <record>
        <leader>01953cam a2200529 c 4500</leader>
        <controlfield tag="001">999300802894702202</controlfield>
        <controlfield tag="003">Bibsys</controlfield>
        <controlfield tag="005">20230815101620.0</controlfield>
        <controlfield tag="007">cr||||||||||||</controlfield>
        <controlfield tag="007">ta</controlfield>
        <controlfield tag="008">140127s1947    no#||||| |||||000|u|nob|d</controlfield>
        <datafield tag="020" ind1=" " ind2=" ">
            <subfield code="q">h.</subfield>
            <subfield code="c">Nkr 7.00</subfield>
        </datafield>
        <datafield tag="020" ind1=" " ind2=" ">
            <subfield code="q">ib.</subfield>
            <subfield code="c">Nkr 10.30</subfield>
        </datafield>
        <datafield tag="041" ind1="1" ind2=" ">
            <subfield code="h">eng</subfield>
        </datafield>
        <datafield tag="100" ind1="1" ind2=" ">
            <subfield code="a">Twain, Mark</subfield>
            <subfield code="d">1835-1910</subfield>
            <subfield code="0">(NO-TrBIB)90056487</subfield>
        </datafield>
        <datafield tag="245" ind1="1" ind2="0">
            <subfield code="a">Skandalen i Hadleyburg :</subfield>
            <subfield code="b">og andre historier</subfield>
            <subfield code="c">Mark Twain ; fortalt på norsk av Jacob Dybwad ; illustrert av Chrix Dahl</subfield>
        </datafield>
        <datafield tag="246" ind1="1" ind2=" ">
            <subfield code="a">The man that corrupted Hadleyburg and other essays and  stories</subfield>
            <subfield code="i">Originaltittel</subfield>
        </datafield>
        <datafield tag="260" ind1=" " ind2=" ">
            <subfield code="a">Oslo</subfield>
            <subfield code="b">Dybwad</subfield>
            <subfield code="c">1947</subfield>
        </datafield>
        <datafield tag="300" ind1=" " ind2=" ">
            <subfield code="a">207 s.</subfield>
            <subfield code="b">ill.</subfield>
        </datafield>
        <datafield tag="600" ind1="1" ind2="7">
            <subfield code="a">Dahl, Chrix</subfield>
            <subfield code="d">1906-1994</subfield>
            <subfield code="2">aatnor</subfield>
        </datafield>
        <datafield tag="700" ind1="1" ind2=" ">
            <subfield code="a">Dahl, Chrix</subfield>
            <subfield code="4">ill</subfield>
        </datafield>
        <datafield tag="700" ind1="1" ind2=" ">
            <subfield code="a">Dybwad, Jacob</subfield>
            <subfield code="4">trl</subfield>
        </datafield>
    </record>