
    <record>
        <leader>02577cam a2200649 c 4500</leader>
        <controlfield tag="001">999406303204702202</controlfield>
        <controlfield tag="003">Bibsys</controlfield>
        <controlfield tag="005">20230331054126.0</controlfield>
        <controlfield tag="007">cr||||||||||||</controlfield>
        <controlfield tag="007">ta</controlfield>
        <controlfield tag="008">120511s1994    no#||||j |||||000|1|nob| </controlfield>
        <datafield tag="020" ind1=" " ind2=" ">
            <subfield code="a">8205221545</subfield>
            <subfield code="q">ib.</subfield>
            <subfield code="c">Nkr 98.00</subfield>
        </datafield>
        <datafield tag="041" ind1="1" ind2=" ">
            <subfield code="h">eng</subfield>
        </datafield>
        <datafield tag="082" ind1="7" ind2="4">
            <subfield code="a">813</subfield>
            <subfield code="q">NO-OsNB</subfield>
            <subfield code="2">4/nor</subfield>
        </datafield>
        <datafield tag="100" ind1="1" ind2=" ">
            <subfield code="a">Twain, Mark</subfield>
        </datafield>
        <datafield tag="240" ind1="1" ind2="4">
            <subfield code="a">The adventures of Tom Sawyer</subfield>
            <subfield code="l">Norsk</subfield>
        </datafield>
        <datafield tag="245" ind1="1" ind2="0">
            <subfield code="a">Tom Sawyer</subfield>
            <subfield code="c">Mark Twain ; oversatt av Inger Berset ; [oversatt etter en bearbeidet dansk utgave ved Poul Steenstrup]</subfield>
        </datafield>
        <datafield tag="260" ind1=" " ind2=" ">
            <subfield code="a">Oslo</subfield>
            <subfield code="b">Gyldendal</subfield>
            <subfield code="c">1994</subfield>
        </datafield>
        <datafield tag="300" ind1=" " ind2=" ">
            <subfield code="a">210 s.</subfield>
        </datafield>
        <datafield tag="490" ind1="1" ind2=" ">
            <subfield code="a">Gyldendals ungdomsklassikere</subfield>
            <subfield code="v">12</subfield>
        </datafield>
        <datafield tag="500" ind1=" " ind2=" ">
            <subfield code="a">1. norske utg. Kristiania : Norsk barneblad, 1922 med tittel: Tom Sawyer og eventyri hans</subfield>
        </datafield>
        <datafield tag="500" ind1=" " ind2=" ">
            <subfield code="a">Mark Twain er psevdonym for Samuel Langhorne Clemens</subfield>
        </datafield>
        <datafield tag="700" ind1="1" ind2=" ">
            <subfield code="a">Berset, Inger</subfield>
            <subfield code="d">1911-2002</subfield>
            <subfield code="4">trl</subfield>
            <subfield code="0">(NO-TrBIB)90591080</subfield>
        </datafield>
        <datafield tag="700" ind1="1" ind2=" ">
            <subfield code="a">Kramer, Hilde</subfield>
            <subfield code="d">1960-</subfield>
            <subfield code="4">bjd</subfield>
            <subfield code="0">(NO-TrBIB)90358061</subfield>
        </datafield>
        <datafield tag="700" ind1="1" ind2=" ">
            <subfield code="a">Steenstrup, Poul.</subfield>
            <subfield code="4">trl</subfield>
            <subfield code="0">(NO-TrBIB)90239549</subfield>
        </datafield>
        <datafield tag="830" ind1=" " ind2="0">
            <subfield code="a">Gyldendals ungdomsklassikere</subfield>
            <subfield code="v">12</subfield>
        </datafield>
    </record>