
    <record>
        <leader>01237cam a22003617c 4500</leader>
        <controlfield tag="001">999432084594702202</controlfield>
        <controlfield tag="003">Bibsys</controlfield>
        <controlfield tag="005">20130425104812.0</controlfield>
        <controlfield tag="007">ta</controlfield>
        <controlfield tag="008">130425s1977    xx#||||j||||||000|u|nob|d</controlfield>
        <datafield tag="020" ind1=" " ind2=" ">
            <subfield code="a">8253202830</subfield>
        </datafield>
        <datafield tag="041" ind1="1" ind2=" ">
            <subfield code="h">eng</subfield>
        </datafield>
        <datafield tag="100" ind1="1" ind2=" ">
            <subfield code="a">Twain, Mark</subfield>
            <subfield code="d">1835-1910</subfield>
            <subfield code="0">(NO-TrBIB)90056487</subfield>
        </datafield>
        <datafield tag="245" ind1="1" ind2="0">
            <subfield code="a">Mark Twain's Tom Sawyer's bedrifter</subfield>
            <subfield code="c">gjenfortalt av Jane Carruth ; illustrert av John Worsley</subfield>
        </datafield>
        <datafield tag="260" ind1=" " ind2=" ">
            <subfield code="a">[Stavanger]</subfield>
            <subfield code="b">Stabenfeldt</subfield>
            <subfield code="c">1977</subfield>
        </datafield>
        <datafield tag="300" ind1=" " ind2=" ">
            <subfield code="a">[58] s.</subfield>
            <subfield code="b">ill.</subfield>
        </datafield>
        <datafield tag="490" ind1="1" ind2=" ">
            <subfield code="a">De unges bibliotek</subfield>
        </datafield>
        <datafield tag="700" ind1="1" ind2=" ">
            <subfield code="a">Carruth, Jane</subfield>
            <subfield code="4">aut</subfield>
            <subfield code="0">(NO-TrBIB)90231689</subfield>
        </datafield>
        <datafield tag="700" ind1="1" ind2=" ">
            <subfield code="a">Hagerup, Helge</subfield>
            <subfield code="d">1933-2008</subfield>
            <subfield code="4">trl</subfield>
            <subfield code="0">(NO-TrBIB)90051538</subfield>
        </datafield>
        <datafield tag="700" ind1="1" ind2=" ">
            <subfield code="a">Worsley, John C.</subfield>
            <subfield code="0">(NO-TrBIB)2021079</subfield>
        </datafield>
        <datafield tag="700" ind1="1" ind2=" ">
            <subfield code="a">Worsley, John.</subfield>
            <subfield code="4">ill</subfield>
            <subfield code="0">(NO-TrBIB)10048418</subfield>
        </datafield>
        <datafield tag="740" ind1="0" ind2=" ">
            <subfield code="a">Tom Sawyer's bedrifter</subfield>
        </datafield>
        <datafield tag="830" ind1=" " ind2="0">
            <subfield code="a">De unges bibliotek</subfield>
        </datafield>
    </record>