
    <record>
        <leader>00945cam a2200265 c 4500</leader>
        <controlfield tag="001">999505062814702202</controlfield>
        <controlfield tag="003">Bibsys</controlfield>
        <controlfield tag="005">20230212192758.0</controlfield>
        <controlfield tag="007">ta</controlfield>
        <controlfield tag="008">130425s1992    xx#|||||||||||000|u|eng|d</controlfield>
        <datafield tag="020" ind1=" " ind2=" ">
            <subfield code="a">0940450364</subfield>
        </datafield>
        <datafield tag="080" ind1=" " ind2=" ">
            <subfield code="a">820(73)</subfield>
        </datafield>
        <datafield tag="100" ind1="1" ind2=" ">
            <subfield code="a">Twain, Mark</subfield>
            <subfield code="d">1835-1910</subfield>
            <subfield code="0">(NO-TrBIB)90056487</subfield>
        </datafield>
        <datafield tag="245" ind1="1" ind2="0">
            <subfield code="a">Collected tales, sketches, speeches, &amp; essays, 1852-1890</subfield>
            <subfield code="c">Mark Twain ; [edited by Louis J. Budd]</subfield>
        </datafield>
        <datafield tag="260" ind1=" " ind2=" ">
            <subfield code="a">New York</subfield>
            <subfield code="b">Literary Classics of the United States</subfield>
            <subfield code="c">c1992</subfield>
        </datafield>
        <datafield tag="300" ind1=" " ind2=" ">
            <subfield code="a">XVIII, 1076 s.</subfield>
        </datafield>
        <datafield tag="490" ind1="1" ind2=" ">
            <subfield code="a">The library of America</subfield>
            <subfield code="v">60</subfield>
        </datafield>
        <datafield tag="700" ind1="1" ind2=" ">
            <subfield code="a">Budd, Louis J.</subfield>
            <subfield code="0">(NO-TrBIB)90152135</subfield>
        </datafield>
        <datafield tag="830" ind1=" " ind2="4">
            <subfield code="a">The library of America</subfield>
            <subfield code="v">60</subfield>
        </datafield>
    </record>