
    <record>
        <leader>01533cam a2200361 c 4500</leader>
        <controlfield tag="001">999513896104702202</controlfield>
        <controlfield tag="003">Bibsys</controlfield>
        <controlfield tag="005">20230331125919.0</controlfield>
        <controlfield tag="007">cr||||||||||||</controlfield>
        <controlfield tag="007">ta</controlfield>
        <controlfield tag="008">150119s1905    xx#||||| |||||000|u|nno|d</controlfield>
        <datafield tag="100" ind1="1" ind2=" ">
            <subfield code="a">Twain, Mark</subfield>
            <subfield code="d">1835-1910</subfield>
            <subfield code="0">(NO-TrBIB)90056487</subfield>
        </datafield>
        <datafield tag="245" ind1="1" ind2="0">
            <subfield code="a">Jeanne d'Arc :</subfield>
            <subfield code="b">kva eg kjem ihug um henne</subfield>
            <subfield code="c">av Sieur Louis de Conte ; [ved Mark Twain] ; paa norsk ved M.S.</subfield>
        </datafield>
        <datafield tag="260" ind1=" " ind2=" ">
            <subfield code="a">Kristiania</subfield>
            <subfield code="b">"Den 17de Mai"</subfield>
            <subfield code="c">1905</subfield>
        </datafield>
        <datafield tag="300" ind1=" " ind2=" ">
            <subfield code="a">156 s.</subfield>
        </datafield>
        <datafield tag="500" ind1=" " ind2=" ">
            <subfield code="a">Omsetjing og etterskrift av Marta Steinsvik.</subfield>
        </datafield>
        <datafield tag="600" ind1="0" ind2="7">
            <subfield code="a">Jeanne d'Arc</subfield>
            <subfield code="c">helgen</subfield>
            <subfield code="d">1412-1431</subfield>
            <subfield code="0">(NO-TrBIB)90117305</subfield>
            <subfield code="2">bare</subfield>
        </datafield>
        <datafield tag="700" ind1="1" ind2=" ">
            <subfield code="a">Steinsvik, Marta</subfield>
            <subfield code="d">1877-1950</subfield>
            <subfield code="0">(NO-TrBIB)90336332</subfield>
        </datafield>
    </record>