
    <record>
        <leader>04202cam a2200721 c 4500</leader>
        <controlfield tag="001">999517962834702202</controlfield>
        <controlfield tag="003">Bibsys</controlfield>
        <controlfield tag="005">20230307122855.0</controlfield>
        <controlfield tag="007">ta</controlfield>
        <controlfield tag="008">130425s1995    xx#|||||||||||000|u|eng|d</controlfield>
        <datafield tag="020" ind1=" " ind2=" ">
            <subfield code="a">0312112254</subfield>
        </datafield>
        <datafield tag="020" ind1=" " ind2=" ">
            <subfield code="a">0312122616</subfield>
        </datafield>
        <datafield tag="020" ind1=" " ind2=" ">
            <subfield code="a">033363814X</subfield>
        </datafield>
        <datafield tag="080" ind1=" " ind2=" ">
            <subfield code="a">820</subfield>
        </datafield>
        <datafield tag="245" ind1="0" ind2="0">
            <subfield code="a">Mark Twain : Adventures of Huckleberry Finn :</subfield>
            <subfield code="b">a case study in critical controversy</subfield>
            <subfield code="c">edited by Gerald Graff, James Phelan</subfield>
        </datafield>
        <datafield tag="260" ind1=" " ind2=" ">
            <subfield code="a">Boston</subfield>
            <subfield code="b">St. Martins Press</subfield>
            <subfield code="c">c1995</subfield>
        </datafield>
        <datafield tag="300" ind1=" " ind2=" ">
            <subfield code="a">VIII, 551 s.</subfield>
            <subfield code="b">ill.</subfield>
        </datafield>
        <datafield tag="490" ind1="0" ind2=" ">
            <subfield code="a">Bedford books</subfield>
        </datafield>
        <datafield tag="490" ind1="1" ind2=" ">
            <subfield code="a">A case study in critical controversy</subfield>
        </datafield>
        <datafield tag="600" ind1="1" ind2="7">
            <subfield code="a">Twain, Mark</subfield>
            <subfield code="d">1835-1910</subfield>
            <subfield code="t">Adventures of Huckleberry Finn</subfield>
            <subfield code="0">(NO-TrBIB)90056487</subfield>
            <subfield code="2">bare</subfield>
        </datafield>
        <datafield tag="600" ind1="1" ind2="7">
            <subfield code="a">Twain, Mark</subfield>
            <subfield code="d">1835-1910</subfield>
            <subfield code="t">Huckleberry Finn</subfield>
            <subfield code="0">(NO-TrBIB)90056487</subfield>
            <subfield code="2">bare</subfield>
        </datafield>
        <datafield tag="700" ind1="1" ind2=" ">
            <subfield code="a">Graff, Gerald</subfield>
            <subfield code="0">(NO-TrBIB)90070226</subfield>
            <subfield code="4">edt</subfield>
        </datafield>
        <datafield tag="700" ind1="1" ind2="2">
            <subfield code="a">Brenner, Gerry</subfield>
            <subfield code="t">More than a reader's response. A letter to "De ole true  Huck"</subfield>
            <subfield code="0">(NO-TrBIB)90072855</subfield>
        </datafield>
        <datafield tag="700" ind1="1" ind2="2">
            <subfield code="a">Briden, Earl F.</subfield>
            <subfield code="t">Kemble's "specialty" and the pictorial countertext of  Huckleberry Finn</subfield>
            <subfield code="0">(NO-TrBIB)10051178</subfield>
        </datafield>
        <datafield tag="700" ind1="1" ind2="2">
            <subfield code="a">Cox, James M.</subfield>
            <subfield code="t">Attacs on the ending and Twain's attack on conscience</subfield>
            <subfield code="0">(NO-TrBIB)90210361</subfield>
        </datafield>
        <datafield tag="700" ind1="1" ind2="2">
            <subfield code="a">Crews, Frederick C.</subfield>
            <subfield code="d">1933-</subfield>
            <subfield code="t">Walker versus Jehlen versus Twain</subfield>
            <subfield code="0">(NO-TrBIB)90368774</subfield>
        </datafield>
        <datafield tag="700" ind1="1" ind2="2">
            <subfield code="a">Eliot, Thomas Stearns</subfield>
            <subfield code="t">The boy and the river. Without beginning or end</subfield>
            <subfield code="0">(NO-TrBIB)10052362</subfield>
        </datafield>
        <datafield tag="700" ind1="1" ind2="2">
            <subfield code="a">Fiedler, Leslie</subfield>
            <subfield code="t">Come back to the raft ag'in, Huck Honey!</subfield>
            <subfield code="0">(NO-TrBIB)90758072</subfield>
        </datafield>
        <datafield tag="700" ind1="1" ind2="2">
            <subfield code="a">Fishkin, Shelly Fisher</subfield>
            <subfield code="t">From Was Huck Black?</subfield>
            <subfield code="0">(NO-TrBIB)10052696</subfield>
        </datafield>
        <datafield tag="700" ind1="1" ind2="2">
            <subfield code="a">Henry, Peaches</subfield>
            <subfield code="t">The struggle for tolerance. Race and censorship in  Huckleberry Finn</subfield>
            <subfield code="0">(NO-TrBIB)10054032</subfield>
        </datafield>
        <datafield tag="700" ind1="1" ind2="2">
            <subfield code="a">Hill, Richard</subfield>
            <subfield code="t">Overreaching. Critical agenda and the ending of Adventures of Huckleberry Fin</subfield>
            <subfield code="0">(NO-TrBIB)10054115</subfield>
        </datafield>
        <datafield tag="700" ind1="1" ind2="2">
            <subfield code="a">Jehlen, Myra</subfield>
            <subfield code="t">Reading gender in Adventures of Huckleberry Finn</subfield>
            <subfield code="0">(NO-TrBIB)90227115</subfield>
        </datafield>
        <datafield tag="700" ind1="1" ind2="2">
            <subfield code="a">Kaplan, Justin</subfield>
            <subfield code="t">Born to trouble. One hundred years of Huckleberry Finn</subfield>
            <subfield code="0">(NO-TrBIB)90208902</subfield>
        </datafield>
        <datafield tag="700" ind1="1" ind2="2">
            <subfield code="a">Lester, Julius</subfield>
            <subfield code="t">Morality and Adventures of Huckleberry Finn</subfield>
            <subfield code="0">(NO-TrBIB)90212286</subfield>
        </datafield>
        <datafield tag="700" ind1="1" ind2="2">
            <subfield code="a">Looby, Christopher</subfield>
            <subfield code="t">"Innocent homosexuality". The fiedler thesis in retrospect</subfield>
            <subfield code="0">(NO-TrBIB)99068291</subfield>
        </datafield>
        <datafield tag="700" ind1="1" ind2="2">
            <subfield code="a">Marx, Leo</subfield>
            <subfield code="t">Mr. Eliot, Mr. Trilling, and Huckleberry Finn</subfield>
            <subfield code="0">(NO-TrBIB)90378697</subfield>
        </datafield>
        <datafield tag="700" ind1="1" ind2="2">
            <subfield code="a">Phelan, James</subfield>
            <subfield code="t">On the nature and status of convert texts. A reply to  Gerry Brenner's "Letter to "De ole true Huck""</subfield>
            <subfield code="0">(NO-TrBIB)90376048</subfield>
            <subfield code="4">edt</subfield>
        </datafield>
        <datafield tag="700" ind1="1" ind2="2">
            <subfield code="a">Trilling, Lionel</subfield>
            <subfield code="d">1905-1975</subfield>
            <subfield code="t">A certain formal aptness</subfield>
            <subfield code="0">(NO-TrBIB)90064793</subfield>
        </datafield>
        <datafield tag="700" ind1="1" ind2="2">
            <subfield code="a">Twain, Mark</subfield>
            <subfield code="d">1835-1910</subfield>
            <subfield code="t">Adventures of Huckleberry Finn</subfield>
            <subfield code="0">(NO-TrBIB)90056487</subfield>
        </datafield>
        <datafield tag="700" ind1="1" ind2="2">
            <subfield code="a">Walker, Nancy A.</subfield>
            <subfield code="t">Reformers and young maidens. Women and virtue in  Adventures of Huckleberry Finn</subfield>
            <subfield code="0">(NO-TrBIB)90407164</subfield>
        </datafield>
        <datafield tag="700" ind1="1" ind2="2">
            <subfield code="a">Woodmansee, Martha</subfield>
            <subfield code="t">A response to Frederick Crews</subfield>
            <subfield code="0">(NO-TrBIB)90744733</subfield>
        </datafield>
        <datafield tag="740" ind1="0" ind2=" ">
            <subfield code="a">Why study critical controversies?</subfield>
        </datafield>
        <datafield tag="740" ind1="2" ind2=" ">
            <subfield code="a">A portfolio of illustrations from the 1885 edition</subfield>
        </datafield>
        <datafield tag="740" ind1="4" ind2=" ">
            <subfield code="a">The controversy over gender and sexuality. Are Twain's sexual politics progressive, regressive, or beside the point?</subfield>
        </datafield>
        <datafield tag="740" ind1="4" ind2=" ">
            <subfield code="a">The controversy over race. Does Huckleberry Finn combat or reinforce racist attitudes?</subfield>
        </datafield>
        <datafield tag="740" ind1="4" ind2=" ">
            <subfield code="a">The controversy over the ending. Did Mark Twain sell Jim down the river?</subfield>
        </datafield>
        <datafield tag="740" ind1="4" ind2=" ">
            <subfield code="a">The life of Samuel Clemens and the reception of Huckleberry Finn</subfield>
        </datafield>
        <datafield tag="830" ind1=" " ind2="2">
            <subfield code="a">A case study in critical controversy</subfield>
        </datafield>
    </record>