
    <record>
        <leader>02616cam a2201009 c 4500</leader>
        <controlfield tag="001">999524552504702202</controlfield>
        <controlfield tag="003">Bibsys</controlfield>
        <controlfield tag="005">20230331150343.0</controlfield>
        <controlfield tag="007">cr||||||||||||</controlfield>
        <controlfield tag="007">ta</controlfield>
        <controlfield tag="008">140724s1995    no#||||j |||||000|1|nob| </controlfield>
        <datafield tag="020" ind1=" " ind2=" ">
            <subfield code="a">8202158168</subfield>
            <subfield code="q">ib.</subfield>
            <subfield code="q">Cappelen</subfield>
            <subfield code="c">Nkr 185.00</subfield>
        </datafield>
        <datafield tag="020" ind1=" " ind2=" ">
            <subfield code="a">8252532381</subfield>
            <subfield code="q">ib.</subfield>
            <subfield code="q">Bokklubbens barn</subfield>
        </datafield>
        <datafield tag="041" ind1="1" ind2=" ">
            <subfield code="h">swe</subfield>
        </datafield>
        <datafield tag="080" ind1=" " ind2=" ">
            <subfield code="a">82(08)-3</subfield>
        </datafield>
        <datafield tag="082" ind1="7" ind2="4">
            <subfield code="a">808.83</subfield>
            <subfield code="q">NO-OsNB</subfield>
            <subfield code="2">4/nor</subfield>
        </datafield>
        <datafield tag="245" ind1="0" ind2="0">
            <subfield code="a">Spøkelsestimen :</subfield>
            <subfield code="b">"Likkistesnekkeren" og andre grøssere</subfield>
            <subfield code="c">Barbro Werkmäster (red.) ; oversatt av Jón Sveinbjørn Jónsson</subfield>
        </datafield>
        <datafield tag="246" ind1="1" ind2=" ">
            <subfield code="a">Nya spöktimmen</subfield>
            <subfield code="i">Originaltittel</subfield>
        </datafield>
        <datafield tag="260" ind1=" " ind2=" ">
            <subfield code="a">[Oslo]</subfield>
            <subfield code="b">Cappelen</subfield>
            <subfield code="c">1995</subfield>
        </datafield>
        <datafield tag="300" ind1=" " ind2=" ">
            <subfield code="a">184 s.</subfield>
            <subfield code="b">ill.</subfield>
        </datafield>
        <datafield tag="500" ind1=" " ind2=" ">
            <subfield code="a">1. norske utg. 1989</subfield>
        </datafield>
        <datafield tag="700" ind1="0" ind2=" ">
            <subfield code="2"/>
            <subfield code="a">Asbjørnsen, P. Chr.</subfield>
            <subfield code="d">1812-1885</subfield>
            <subfield code="q">(Peter Christen)</subfield>
            <subfield code="t">Venner i liv og død</subfield>
            <subfield code="0">(NO-TrBIB)9006</subfield>
        </datafield>
        <datafield tag="700" ind1="1" ind2=" ">
            <subfield code="a">Jónsson, Jón Sveinbjørn</subfield>
            <subfield code="d">1955-2008</subfield>
            <subfield code="0">(NO-TrBIB)90113227</subfield>
            <subfield code="4">trl</subfield>
        </datafield>
        <datafield tag="700" ind1="1" ind2=" ">
            <subfield code="a">Werkmäster, Barbro</subfield>
            <subfield code="d">1932-</subfield>
            <subfield code="0">(NO-TrBIB)90371161</subfield>
            <subfield code="4">edt</subfield>
        </datafield>
        <datafield tag="700" ind1="1" ind2=" ">
            <subfield code="a">Werkmäster, Barbro</subfield>
            <subfield code="d">1932-</subfield>
            <subfield code="e">red.</subfield>
            <subfield code="0">(NO-TrBIB)90371161</subfield>
        </datafield>
        <datafield tag="700" ind1="1" ind2="2">
            <subfield code="a">Asbjørnsen, P. Chr.</subfield>
            <subfield code="d">1812-1885</subfield>
            <subfield code="q">(Peter Christen)</subfield>
            <subfield code="t">Fra "En gammeldags julaften"</subfield>
            <subfield code="0">(NO-TrBIB)900606</subfield>
        </datafield>
        <datafield tag="700" ind1="2" ind2="2">
            <subfield code="a">Bradbury, Ray</subfield>
            <subfield code="d">1920-2012</subfield>
            <subfield code="t">Mannen ovenpå</subfield>
            <subfield code="0">(NO-TrBIB)900830</subfield>
        </datafield>
        <datafield tag="700" ind1="6" ind2=" ">
            <subfield code="2"/>
            <subfield code="a">Cecil, Henry</subfield>
            <subfield code="t">Bevis</subfield>
            <subfield code="0">(NO-TrBIB)903215</subfield>
        </datafield>
        <datafield tag="700" ind1="9" ind2=" ">
            <subfield code="2"/>
            <subfield code="a">Bierce, Ambrose</subfield>
            <subfield code="d">182-1914</subfield>
            <subfield code="t">John Bartines ur</subfield>
            <subfield code="0">(NO-TrBIB)901871</subfield>
        </datafield>
        <datafield tag="740" ind1="0" ind2=" ">
            <subfield code="a">Gullbeinet</subfield>
        </datafield>
        <datafield tag="740" ind1="0" ind2=" ">
            <subfield code="a">Hans og husbonden hans</subfield>
        </datafield>
        <datafield tag="740" ind1="0" ind2=" ">
            <subfield code="a">Molly Dixon er død</subfield>
        </datafield>
        <datafield tag="740" ind1="0" ind2=" ">
            <subfield code="a">Ringen</subfield>
        </datafield>
        <datafield tag="740" ind1="3" ind2=" ">
            <subfield code="a">Et spøkelsesmåltid</subfield>
        </datafield>
        <datafield tag="740" ind1="4" ind2=" ">
            <subfield code="a">Den hodeløse rytteren</subfield>
        </datafield>
    </record>