
    <record>
        <leader>01587cam a2200409 c 4500</leader>
        <controlfield tag="001">999602857844702202</controlfield>
        <controlfield tag="003">Bibsys</controlfield>
        <controlfield tag="005">20230331161715.0</controlfield>
        <controlfield tag="007">cr||||||||||||</controlfield>
        <controlfield tag="007">ta</controlfield>
        <controlfield tag="008">150122s1945    xx#||||j |||||000|u|nob| </controlfield>
        <datafield tag="041" ind1="1" ind2=" ">
            <subfield code="h">eng</subfield>
        </datafield>
        <datafield tag="100" ind1="1" ind2=" ">
            <subfield code="a">Twain, Mark</subfield>
            <subfield code="d">1835-1910</subfield>
            <subfield code="0">(NO-TrBIB)90056487</subfield>
        </datafield>
        <datafield tag="245" ind1="1" ind2="0">
            <subfield code="a">Prinsen og fatigguten</subfield>
            <subfield code="c">Mark Twain ; på norsk ved Johannes Horvei</subfield>
        </datafield>
        <datafield tag="260" ind1=" " ind2=" ">
            <subfield code="a">Oslo</subfield>
            <subfield code="b">Norsk barneblads forl.</subfield>
            <subfield code="c">1945</subfield>
        </datafield>
        <datafield tag="300" ind1=" " ind2=" ">
            <subfield code="a">184 s.</subfield>
            <subfield code="b">ill.</subfield>
        </datafield>
        <datafield tag="700" ind1="1" ind2=" ">
            <subfield code="a">Horvei, Johannes</subfield>
            <subfield code="0">(NO-TrBIB)2037995</subfield>
            <subfield code="4">trl</subfield>
        </datafield>
        <datafield tag="700" ind1="1" ind2="2">
            <subfield code="a">Twain, Mark</subfield>
            <subfield code="d">1835-1910</subfield>
            <subfield code="t">Tiggerprinsen</subfield>
            <subfield code="0">(NO-TrBIB)90056487</subfield>
        </datafield>
    </record>