
    <record>
        <leader>01345cam a2200361 c 4500</leader>
        <controlfield tag="001">999609355924702202</controlfield>
        <controlfield tag="003">Bibsys</controlfield>
        <controlfield tag="005">20230331172955.0</controlfield>
        <controlfield tag="007">ta</controlfield>
        <controlfield tag="008">130425s1896    no#|||||||||||000|u|nob|d</controlfield>
        <datafield tag="041" ind1="1" ind2=" ">
            <subfield code="h">eng</subfield>
        </datafield>
        <datafield tag="100" ind1="1" ind2=" ">
            <subfield code="a">Twain, Mark</subfield>
            <subfield code="d">1835-1910</subfield>
            <subfield code="0">(NO-TrBIB)90056487</subfield>
        </datafield>
        <datafield tag="245" ind1="1" ind2="0">
            <subfield code="a">Pigen fra Orleans :</subfield>
            <subfield code="b">Jeanne d'Arc</subfield>
            <subfield code="c">Udg. af Mark Twain</subfield>
        </datafield>
        <datafield tag="246" ind1="1" ind2=" ">
            <subfield code="a">Personal recollections of Joan of Arc</subfield>
            <subfield code="i">Originaltittel</subfield>
        </datafield>
        <datafield tag="260" ind1=" " ind2=" ">
            <subfield code="a">Kristiania</subfield>
            <subfield code="c">1896</subfield>
        </datafield>
        <datafield tag="300" ind1=" " ind2=" ">
            <subfield code="a">476 s.</subfield>
        </datafield>
        <datafield tag="600" ind1="0" ind2="7">
            <subfield code="a">Jeanne d'Arc</subfield>
            <subfield code="c">helgen</subfield>
            <subfield code="d">1412-1431</subfield>
            <subfield code="0">(NO-TrBIB)90117305</subfield>
            <subfield code="2">bare</subfield>
        </datafield>
    </record>