
    <record>
        <leader>01772cam a2200481 c 4500</leader>
        <controlfield tag="001">999609787204702202</controlfield>
        <controlfield tag="003">Bibsys</controlfield>
        <controlfield tag="005">20230331173641.0</controlfield>
        <controlfield tag="007">cr||||||||||||</controlfield>
        <controlfield tag="007">ta</controlfield>
        <controlfield tag="008">140918s1975    no#||||j |||||000|0|mul| </controlfield>
        <datafield tag="041" ind1="1" ind2=" ">
            <subfield code="a">nno</subfield>
            <subfield code="h">eng</subfield>
            <subfield code="a">nob</subfield>
        </datafield>
        <datafield tag="082" ind1="7" ind2="4">
            <subfield code="a"> 813</subfield>
            <subfield code="q">NO-OsNB</subfield>
            <subfield code="2">3/nor</subfield>
        </datafield>
        <datafield tag="100" ind1="1" ind2=" ">
            <subfield code="a">Twain, Mark</subfield>
            <subfield code="d">1835-1910</subfield>
            <subfield code="0">(NO-TrBIB)90056487</subfield>
        </datafield>
        <datafield tag="245" ind1="1" ind2="0">
            <subfield code="a">Tom Sawyer og eventyra hans</subfield>
            <subfield code="c">Mark Twain ; omsett av Olav Osen</subfield>
        </datafield>
        <datafield tag="246" ind1="1" ind2=" ">
            <subfield code="a">The adventures of Tom Sawyer</subfield>
            <subfield code="i">Originaltittel</subfield>
        </datafield>
        <datafield tag="260" ind1=" " ind2=" ">
            <subfield code="a">[Larvik]</subfield>
            <subfield code="b">Norsk barneblad</subfield>
            <subfield code="c">1975</subfield>
        </datafield>
        <datafield tag="300" ind1=" " ind2=" ">
            <subfield code="a">240 s.</subfield>
            <subfield code="b">ill.</subfield>
        </datafield>
        <datafield tag="700" ind1="1" ind2=" ">
            <subfield code="a">Osen, Olav</subfield>
            <subfield code="4">trl</subfield>
        </datafield>
        <datafield tag="700" ind1="1" ind2=" ">
            <subfield code="a">Sanden, Solveig Muren</subfield>
            <subfield code="d">1918-2013</subfield>
            <subfield code="4">ill</subfield>
            <subfield code="0">(NO-TrBIB)90136779</subfield>
        </datafield>
    </record>