
    <record>
        <leader>01393cam a2200421 c 4500</leader>
        <controlfield tag="001">999614645344702202</controlfield>
        <controlfield tag="003">Bibsys</controlfield>
        <controlfield tag="005">20160622164155.0</controlfield>
        <controlfield tag="007">ta</controlfield>
        <controlfield tag="008">130425s1979    no#|||||||||||000|0|nob| </controlfield>
        <datafield tag="020" ind1=" " ind2=" ">
            <subfield code="q">h.</subfield>
            <subfield code="c">Nkr 9.50</subfield>
        </datafield>
        <datafield tag="041" ind1="1" ind2=" ">
            <subfield code="h">eng</subfield>
        </datafield>
        <datafield tag="082" ind1="7" ind2="4">
            <subfield code="a">741.5973</subfield>
            <subfield code="q">NO-OsNB</subfield>
            <subfield code="2">5/nor</subfield>
        </datafield>
        <datafield tag="100" ind1="1" ind2=" ">
            <subfield code="a">Shapiro, Irwin</subfield>
            <subfield code="0">(NO-TrBIB)90890584</subfield>
        </datafield>
        <datafield tag="245" ind1="1" ind2="0">
            <subfield code="a">Tom Sawyer</subfield>
            <subfield code="c">Mark Twain ; [tilrettelagt av Irwin Shapiro ; illustrert av E.R. Cruz ; Vincent Fago, produksjon]</subfield>
        </datafield>
        <datafield tag="246" ind1="1" ind2=" ">
            <subfield code="a">Tom Sawyer</subfield>
            <subfield code="i">Originaltittel</subfield>
        </datafield>
        <datafield tag="260" ind1=" " ind2=" ">
            <subfield code="a">Stavanger</subfield>
            <subfield code="b">Se-bladene</subfield>
            <subfield code="c">1979</subfield>
        </datafield>
        <datafield tag="300" ind1=" " ind2=" ">
            <subfield code="a">63 s.</subfield>
            <subfield code="b">ill.</subfield>
        </datafield>
        <datafield tag="490" ind1="1" ind2=" ">
            <subfield code="a">Se-biblioteket</subfield>
            <subfield code="v">9</subfield>
        </datafield>
        <datafield tag="700" ind1="1" ind2=" ">
            <subfield code="a">Cruz, E.R.</subfield>
            <subfield code="0">(NO-TrBIB)7031431</subfield>
        </datafield>
        <datafield tag="700" ind1="1" ind2=" ">
            <subfield code="a">Fago, Vincent</subfield>
            <subfield code="e">medarb.</subfield>
            <subfield code="0">(NO-TrBIB)12015017</subfield>
        </datafield>
        <datafield tag="700" ind1="1" ind2="2">
            <subfield code="a">Twain, Mark</subfield>
            <subfield code="d">1835-1910</subfield>
            <subfield code="t">Tom Sawyer</subfield>
            <subfield code="0">(NO-TrBIB)90056487</subfield>
        </datafield>
        <datafield tag="830" ind1=" " ind2="0">
            <subfield code="a">Se-biblioteket</subfield>
            <subfield code="v">9</subfield>
        </datafield>
    </record>