
    <record>
        <leader>01375cam a2200361 c 4500</leader>
        <controlfield tag="001">999701957294702202</controlfield>
        <controlfield tag="003">Bibsys</controlfield>
        <controlfield tag="005">20230114173805.0</controlfield>
        <controlfield tag="007">ta</controlfield>
        <controlfield tag="008">130425r19941982xx#|||||||||||000|u|eng|d</controlfield>
        <datafield tag="020" ind1=" " ind2=" ">
            <subfield code="a">0940450070</subfield>
        </datafield>
        <datafield tag="080" ind1=" " ind2=" ">
            <subfield code="a">820(73)</subfield>
        </datafield>
        <datafield tag="100" ind1="1" ind2=" ">
            <subfield code="a">Twain, Mark</subfield>
            <subfield code="d">1835-1910</subfield>
            <subfield code="0">(NO-TrBIB)90056487</subfield>
        </datafield>
        <datafield tag="245" ind1="1" ind2="0">
            <subfield code="a">Mississippi writings</subfield>
            <subfield code="c">Mark Twain</subfield>
        </datafield>
        <datafield tag="260" ind1=" " ind2=" ">
            <subfield code="a">New York</subfield>
            <subfield code="b">Literary Classics of the United States</subfield>
            <subfield code="c">c1994</subfield>
        </datafield>
        <datafield tag="300" ind1=" " ind2=" ">
            <subfield code="a">1126 s.</subfield>
        </datafield>
        <datafield tag="490" ind1="1" ind2=" ">
            <subfield code="a">The library of America</subfield>
            <subfield code="v">5</subfield>
        </datafield>
        <datafield tag="500" ind1=" " ind2=" ">
            <subfield code="a">"Guy Cardwell wrote the notes for this volume" - 9. preliminærs.</subfield>
        </datafield>
        <datafield tag="505" ind1="0" ind2=" ">
            <subfield code="a">The adventures of Tom Sawyer ; Life on the Mississippi ; Adventures of Huckleberry Finn ; Pudd'nhead Wilson.</subfield>
        </datafield>
        <datafield tag="534" ind1=" " ind2=" ">
            <subfield code="a">Opptrykk. Opprinnelig utgitt: New York : Literary Classics of the United States, c1982</subfield>
        </datafield>
        <datafield tag="700" ind1="1" ind2=" ">
            <subfield code="a">Cardwell, Guy</subfield>
            <subfield code="0">(NO-TrBIB)90127882</subfield>
        </datafield>
        <datafield tag="740" ind1="0" ind2=" ">
            <subfield code="a">Adventures of Huckleberry Finn</subfield>
        </datafield>
        <datafield tag="740" ind1="0" ind2=" ">
            <subfield code="a">Life on the Mississippi</subfield>
        </datafield>
        <datafield tag="740" ind1="0" ind2=" ">
            <subfield code="a">Pudd'nhead Wilson</subfield>
        </datafield>
        <datafield tag="740" ind1="4" ind2=" ">
            <subfield code="a">The adventures of Tom Sawyer</subfield>
        </datafield>
        <datafield tag="830" ind1=" " ind2="4">
            <subfield code="a">The library of America</subfield>
            <subfield code="v">5</subfield>
        </datafield>
    </record>