
    <record>
        <leader>03836cam a22007457c 4500</leader>
        <controlfield tag="001">999706639434702202</controlfield>
        <controlfield tag="003">Bibsys</controlfield>
        <controlfield tag="005">20230401073629.0</controlfield>
        <controlfield tag="007">ta</controlfield>
        <controlfield tag="008">150218s1978    xx ||||j||||||000|u|nob|d</controlfield>
        <datafield tag="020" ind1=" " ind2=" ">
            <subfield code="a">8205016046</subfield>
        </datafield>
        <datafield tag="041" ind1="1" ind2=" ">
            <subfield code="h">per</subfield>
        </datafield>
        <datafield tag="245" ind1="0" ind2="0">
            <subfield code="a">Barndomslandet [8] :</subfield>
            <subfield code="b">Gjennom regnbuens port</subfield>
            <subfield code="c">redigert av Jo Tenfjord ... [et al.]</subfield>
        </datafield>
        <datafield tag="260" ind1=" " ind2=" ">
            <subfield code="a">Oslo</subfield>
            <subfield code="b">Gyldendal</subfield>
            <subfield code="c">1978</subfield>
        </datafield>
        <datafield tag="300" ind1=" " ind2=" ">
            <subfield code="a">213 s.</subfield>
            <subfield code="b">ill.</subfield>
        </datafield>
        <datafield tag="700" ind1="1" ind2=" ">
            <subfield code="a">Olsen, Ib Spang</subfield>
            <subfield code="0">(NO-TrBIB)10057803</subfield>
            <subfield code="4">bjd</subfield>
        </datafield>
        <datafield tag="700" ind1="1" ind2="2">
            <subfield code="a">Aiken, Joan</subfield>
            <subfield code="d">1924-2004</subfield>
            <subfield code="t">Kokker og spådommer</subfield>
            <subfield code="0">(NO-TrBIB)90122938</subfield>
        </datafield>
        <datafield tag="700" ind1="1" ind2="2">
            <subfield code="a">Almqvist, Bertil</subfield>
            <subfield code="d">1902-1972</subfield>
            <subfield code="t">Barna Heiinghaugen reiser til Egypt</subfield>
            <subfield code="0">(NO-TrBIB)90127281</subfield>
        </datafield>
        <datafield tag="700" ind1="1" ind2="2">
            <subfield code="a">Andersen, H.C.</subfield>
            <subfield code="d">1805-1875</subfield>
            <subfield code="q">(Hans Christian)</subfield>
            <subfield code="t">Keiserens nye klær</subfield>
            <subfield code="0">(NO-TrBIB)1542229200036</subfield>
        </datafield>
        <datafield tag="700" ind1="1" ind2="2">
            <subfield code="a">Brochmann, Odd</subfield>
            <subfield code="d">1909-1992</subfield>
            <subfield code="t">Marianne på sykehus</subfield>
            <subfield code="0">(NO-TrBIB)90066859</subfield>
        </datafield>
        <datafield tag="700" ind1="1" ind2="2">
            <subfield code="a">Carroll, Lewis</subfield>
            <subfield code="d">1832-1898</subfield>
            <subfield code="t">Et underlig teselskap</subfield>
            <subfield code="0">(NO-TrBIB)90588619</subfield>
        </datafield>
        <datafield tag="700" ind1="1" ind2="2">
            <subfield code="a">Chrisman, Arthur Bowie</subfield>
            <subfield code="t">Chop-pinner</subfield>
            <subfield code="0">(NO-TrBIB)10051635</subfield>
        </datafield>
        <datafield tag="700" ind1="1" ind2="2">
            <subfield code="a">Courlander, Harold</subfield>
            <subfield code="t">Rettferdighet</subfield>
            <subfield code="0">(NO-TrBIB)90103529</subfield>
        </datafield>
        <datafield tag="700" ind1="1" ind2="2">
            <subfield code="a">Eliot, T.S.</subfield>
            <subfield code="d">1888-1965</subfield>
            <subfield code="t">Om kattenavn</subfield>
            <subfield code="0">(NO-TrBIB)90052479</subfield>
        </datafield>
        <datafield tag="700" ind1="1" ind2="2">
            <subfield code="a">Grahame, Kenneth</subfield>
            <subfield code="d">1859-1932</subfield>
            <subfield code="t">Ut på landeveien</subfield>
            <subfield code="0">(NO-TrBIB)90589190</subfield>
        </datafield>
        <datafield tag="700" ind1="1" ind2="2">
            <subfield code="a">Haldane, J.B.S.</subfield>
            <subfield code="d">1892-1964</subfield>
            <subfield code="t">Til middag hos en trollmann</subfield>
            <subfield code="0">(NO-TrBIB)9013975</subfield>
        </datafield>
        <datafield tag="700" ind1="1" ind2="2">
            <subfield code="a">Hale, Lucretia</subfield>
            <subfield code="t">Damen som hadde salt i kaffen</subfield>
            <subfield code="0">(NO-TrBIB)10053560</subfield>
        </datafield>
        <datafield tag="700" ind1="1" ind2="2">
            <subfield code="a">Hamsun, Marie</subfield>
            <subfield code="d">1881-1969</subfield>
            <subfield code="t">Alene hjemme</subfield>
            <subfield code="0">(NO-TrBIB)90081146</subfield>
        </datafield>
        <datafield tag="700" ind1="1" ind2="2">
            <subfield code="a">Hauff, Wilhelm</subfield>
            <subfield code="d">1802-1827</subfield>
            <subfield code="t">Historien om kalif Stork</subfield>
            <subfield code="0">(NO-TrBIB)90128321</subfield>
        </datafield>
        <datafield tag="700" ind1="1" ind2="2">
            <subfield code="a">Kästner, Erich</subfield>
            <subfield code="d">1899-1974</subfield>
            <subfield code="t">Baron Münchhausen forteller</subfield>
            <subfield code="0">(NO-TrBIB)90082318</subfield>
        </datafield>
        <datafield tag="700" ind1="1" ind2="2">
            <subfield code="a">Kipling, Rudyard</subfield>
            <subfield code="d">1865-1936</subfield>
            <subfield code="t">Katten som gikk sine egne veier</subfield>
            <subfield code="0">(NO-TrBIB)90088673</subfield>
        </datafield>
        <datafield tag="700" ind1="1" ind2="2">
            <subfield code="a">Kjellin, Helge</subfield>
            <subfield code="t">Elgoksen Byks og lille prinsesse Myrull</subfield>
            <subfield code="0">(NO-TrBIB)90318032</subfield>
        </datafield>
        <datafield tag="700" ind1="1" ind2="2">
            <subfield code="a">Leaf, Munro</subfield>
            <subfield code="d">1905-1976</subfield>
            <subfield code="t">Hvordan det gikk med vesle Gillis</subfield>
            <subfield code="0">(NO-TrBIB)90103268</subfield>
        </datafield>
        <datafield tag="700" ind1="1" ind2="2">
            <subfield code="a">Lindgren, Astrid</subfield>
            <subfield code="d">1907-2002</subfield>
            <subfield code="t">Spiller min lind, synger min nattergal?</subfield>
            <subfield code="0">(NO-TrBIB)90057196</subfield>
        </datafield>
        <datafield tag="700" ind1="1" ind2="2">
            <subfield code="a">McCloskey, Robert</subfield>
            <subfield code="d">1914-2003</subfield>
            <subfield code="t">Smultringene</subfield>
            <subfield code="0">(NO-TrBIB)90073444</subfield>
        </datafield>
        <datafield tag="700" ind1="1" ind2="2">
            <subfield code="a">Pakkanen, Kaija</subfield>
            <subfield code="t">Det var en gang et Eventyr</subfield>
            <subfield code="0">(NO-TrBIB)90092806</subfield>
        </datafield>
        <datafield tag="700" ind1="1" ind2="2">
            <subfield code="a">Rud, Anine</subfield>
            <subfield code="t">Pandoras eske</subfield>
            <subfield code="0">(NO-TrBIB)90922950</subfield>
        </datafield>
        <datafield tag="700" ind1="1" ind2="2">
            <subfield code="a">Tashlin, Frank</subfield>
            <subfield code="t">Bjørnen som ikke var bjørn</subfield>
            <subfield code="0">(NO-TrBIB)90853682</subfield>
        </datafield>
        <datafield tag="700" ind1="1" ind2="2">
            <subfield code="a">Tenfjord, Jo</subfield>
            <subfield code="d">1918-2007</subfield>
            <subfield code="t">I papir</subfield>
            <subfield code="0">(NO-TrBIB)90053156</subfield>
            <subfield code="4">edt</subfield>
        </datafield>
        <datafield tag="700" ind1="1" ind2="2">
            <subfield code="a">Topelius, Zacharias</subfield>
            <subfield code="d">1818-1898</subfield>
            <subfield code="t">Tomtegubben på Åbo slott</subfield>
            <subfield code="0">(NO-TrBIB)90089338</subfield>
        </datafield>
        <datafield tag="700" ind1="1" ind2="2">
            <subfield code="a">Twain, Mark</subfield>
            <subfield code="d">1835-1910</subfield>
            <subfield code="t">Handel og vandel</subfield>
            <subfield code="0">(NO-TrBIB)90056487</subfield>
        </datafield>
        <datafield tag="700" ind1="1" ind2="2">
            <subfield code="a">Wilde, Oscar</subfield>
            <subfield code="d">1854-1900</subfield>
            <subfield code="t">Den egenkjærlige kjempen</subfield>
            <subfield code="0">(NO-TrBIB)90053575</subfield>
        </datafield>
        <datafield tag="700" ind1="1" ind2="2">
            <subfield code="a">Wolf, Leslau</subfield>
            <subfield code="t">Rettferdighet</subfield>
            <subfield code="0">(NO-TrBIB)10062593</subfield>
        </datafield>
        <datafield tag="740" ind1="0" ind2=" ">
            <subfield code="a">Far Rua og risen Finn</subfield>
        </datafield>
        <datafield tag="740" ind1="0" ind2=" ">
            <subfield code="a">Fire drømmer</subfield>
        </datafield>
        <datafield tag="740" ind1="0" ind2=" ">
            <subfield code="a">Gjerrigknarken</subfield>
        </datafield>
        <datafield tag="740" ind1="0" ind2=" ">
            <subfield code="a">Hesten med hodet der halen skulle være</subfield>
        </datafield>
        <datafield tag="740" ind1="0" ind2=" ">
            <subfield code="a">Rettssaken i Avichara-pura</subfield>
        </datafield>
        <datafield tag="740" ind1="0" ind2=" ">
            <subfield code="a">Vesle Hakkekinn</subfield>
        </datafield>
        <datafield tag="740" ind1="3" ind2=" ">
            <subfield code="a">En uke med søndager</subfield>
        </datafield>
    </record>