
    <record>
        <leader>00921cam a22002417c 4500</leader>
        <controlfield tag="001">999712523434702202</controlfield>
        <controlfield tag="003">Bibsys</controlfield>
        <controlfield tag="005">20230217083632.0</controlfield>
        <controlfield tag="007">ta</controlfield>
        <controlfield tag="008">130425s1991    xx#|||||||||||000|u|und|d</controlfield>
        <datafield tag="020" ind1=" " ind2=" ">
            <subfield code="a">1857150449</subfield>
        </datafield>
        <datafield tag="100" ind1="1" ind2=" ">
            <subfield code="a">Twain, Mark</subfield>
            <subfield code="d">1835-1910</subfield>
            <subfield code="0">(NO-TrBIB)90056487</subfield>
        </datafield>
        <datafield tag="245" ind1="1" ind2="0">
            <subfield code="a">Tom Sawyer and Huckleberry Finn</subfield>
            <subfield code="c">Mark Twain</subfield>
        </datafield>
        <datafield tag="260" ind1=" " ind2=" ">
            <subfield code="a">London</subfield>
            <subfield code="b">Everyman's library</subfield>
            <subfield code="c">1991</subfield>
        </datafield>
        <datafield tag="300" ind1=" " ind2=" ">
            <subfield code="a">435 s.</subfield>
        </datafield>
    </record>