
    <record>
        <leader>03582cam a2200805 c 4500</leader>
        <controlfield tag="001">999714489654702202</controlfield>
        <controlfield tag="003">Bibsys</controlfield>
        <controlfield tag="005">20230401084935.0</controlfield>
        <controlfield tag="007">cr||||||||||||</controlfield>
        <controlfield tag="007">ta</controlfield>
        <controlfield tag="008">131018s1997    no#||||j |||||000|1|nob| </controlfield>
        <datafield tag="020" ind1=" " ind2=" ">
            <subfield code="a">8247800993</subfield>
            <subfield code="q">ib.</subfield>
            <subfield code="c">Nkr 1950.00</subfield>
            <subfield code="q">serien kpl.</subfield>
        </datafield>
        <datafield tag="020" ind1=" " ind2=" ">
            <subfield code="a">8247801124</subfield>
            <subfield code="q">ib.</subfield>
            <subfield code="c">Nkr 98.00</subfield>
            <subfield code="q">b. 12</subfield>
        </datafield>
        <datafield tag="041" ind1="1" ind2=" ">
            <subfield code="h">eng</subfield>
        </datafield>
        <datafield tag="082" ind1="7" ind2="4">
            <subfield code="a">813</subfield>
            <subfield code="q">NO-OsNB</subfield>
            <subfield code="2">4/nor</subfield>
        </datafield>
        <datafield tag="100" ind1="1" ind2=" ">
            <subfield code="a">Twain, Mark</subfield>
            <subfield code="d">1835-1910</subfield>
            <subfield code="0">(NO-TrBIB)90056487</subfield>
        </datafield>
        <datafield tag="245" ind1="1" ind2="0">
            <subfield code="a">Tom Sawyer</subfield>
            <subfield code="c">Mark Twain ; oversatt av Inger Berset [etter en bearbeidet dansk utgave ved Poul Steenstrup]</subfield>
        </datafield>
        <datafield tag="246" ind1="1" ind2=" ">
            <subfield code="a">The adventures of Tom Sawyer</subfield>
            <subfield code="i">Originaltittel</subfield>
        </datafield>
        <datafield tag="250" ind1=" " ind2=" ">
            <subfield code="a">4. utg.</subfield>
        </datafield>
        <datafield tag="260" ind1=" " ind2=" ">
            <subfield code="a">[Oslo]</subfield>
            <subfield code="b">Gyldendal Tiden</subfield>
            <subfield code="c">1997</subfield>
        </datafield>
        <datafield tag="300" ind1=" " ind2=" ">
            <subfield code="a">210 s.</subfield>
        </datafield>
        <datafield tag="490" ind1="1" ind2=" ">
            <subfield code="a">Gyldendals ungdomsklassikere</subfield>
            <subfield code="v">12</subfield>
        </datafield>
        <datafield tag="500" ind1=" " ind2=" ">
            <subfield code="a">1. norske utg. Kristiania : Norsk barneblad, 1922 med tittel: Tom Sawyer og eventyri hans</subfield>
        </datafield>
        <datafield tag="500" ind1=" " ind2=" ">
            <subfield code="a">1. utg. av denne oversettelsen 1982</subfield>
        </datafield>
        <datafield tag="500" ind1=" " ind2=" ">
            <subfield code="a">Opplagshistorikk:  4. utg., 2. oppl. 1999 (Nkr 135.00)</subfield>
        </datafield>
        <datafield tag="700" ind1="1" ind2=" ">
            <subfield code="a">Berset, Inger</subfield>
            <subfield code="d">1911-2002</subfield>
            <subfield code="4">trl</subfield>
            <subfield code="0">(NO-TrBIB)90591080</subfield>
        </datafield>
        <datafield tag="700" ind1="1" ind2=" ">
            <subfield code="a">Kramer, Hilde</subfield>
            <subfield code="d">1960-</subfield>
            <subfield code="4">bjd</subfield>
            <subfield code="0">(NO-TrBIB)90358061</subfield>
        </datafield>
        <datafield tag="700" ind1="1" ind2=" ">
            <subfield code="a">Steenstrup, Poul.</subfield>
            <subfield code="4">trl</subfield>
            <subfield code="0">(NO-TrBIB)90239549</subfield>
        </datafield>
        <datafield tag="740" ind1="0" ind2=" ">
            <subfield code="a">Tom Sawyer og eventyri hans</subfield>
        </datafield>
        <datafield tag="830" ind1=" " ind2="0">
            <subfield code="a">Gyldendals ungdomsklassikere</subfield>
            <subfield code="v">12</subfield>
        </datafield>
    </record>