
    <record>
        <leader>00913cam a22002537c 4500</leader>
        <controlfield tag="001">999719439074702202</controlfield>
        <controlfield tag="003">Bibsys</controlfield>
        <controlfield tag="005">20200323100831.0</controlfield>
        <controlfield tag="007">ta</controlfield>
        <controlfield tag="008">021003s1905    xx |||||||||||000|u|dan|d</controlfield>
        <datafield tag="100" ind1="1" ind2=" ">
            <subfield code="a">Twain, Mark</subfield>
            <subfield code="d">1835-1910</subfield>
            <subfield code="0">(NO-TrBIB)90056487</subfield>
        </datafield>
        <datafield tag="245" ind1="1" ind2="0">
            <subfield code="a">Mark Twain</subfield>
            <subfield code="b">i udvalg</subfield>
            <subfield code="c">ved Bering Liisberg</subfield>
            <subfield code="n">3</subfield>
            <subfield code="p">Løse blade af min skitsebog</subfield>
        </datafield>
        <datafield tag="260" ind1=" " ind2=" ">
            <subfield code="a">København</subfield>
            <subfield code="b">Gyldendal</subfield>
            <subfield code="c">1905</subfield>
        </datafield>
        <datafield tag="300" ind1=" " ind2=" ">
            <subfield code="a">188 s.</subfield>
        </datafield>
        <datafield tag="700" ind1="1" ind2=" ">
            <subfield code="a">Liisberg, H.C. Bering</subfield>
            <subfield code="0">(NO-TrBIB)90763360</subfield>
        </datafield>
        <datafield tag="700" ind1="1" ind2=" ">
            <subfield code="a">Møller, Vilhelm</subfield>
            <subfield code="d">1909-1991</subfield>
            <subfield code="0">(NO-TrBIB)90059110</subfield>
        </datafield>
        <datafield tag="700" ind1="1" ind2=" ">
            <subfield code="a">Schmidt, Alfred</subfield>
            <subfield code="0">(NO-TrBIB)90076660</subfield>
        </datafield>
        <datafield tag="773" ind1="0" ind2="8">
            <subfield code="i">Inkludert i</subfield>
            <subfield code="a">Twain, Mark, 1835-1910</subfield>
            <subfield code="t">Mark Twain</subfield>
            <subfield code="d">København : Gyldendal, 1904-1905</subfield>
            <subfield code="g">3</subfield>
            <subfield code="w">999719433384702201</subfield>
        </datafield>
    </record>