
    <record>
        <leader>00654cam a22002057c 4500</leader>
        <controlfield tag="001">999719537594702202</controlfield>
        <controlfield tag="003">Bibsys</controlfield>
        <controlfield tag="005">20180509125121.0</controlfield>
        <controlfield tag="007">ta</controlfield>
        <controlfield tag="008">130425s1894    xx |||||||||||000|1|dan|d</controlfield>
        <datafield tag="100" ind1="1" ind2=" ">
            <subfield code="a">Twain, Mark</subfield>
            <subfield code="d">1835-1910</subfield>
            <subfield code="0">(NO-TrBIB)90056487</subfield>
        </datafield>
        <datafield tag="245" ind1="1" ind2="0">
            <subfield code="a">Arvingerne fra Amerika :</subfield>
            <subfield code="b">roman</subfield>
            <subfield code="c">af Mark Twain ; autoriseret oversættelse ved C.L. With</subfield>
        </datafield>
        <datafield tag="246" ind1="1" ind2=" ">
            <subfield code="a">The American claimant</subfield>
            <subfield code="i">Originaltittel</subfield>
        </datafield>
        <datafield tag="260" ind1=" " ind2=" ">
            <subfield code="a">Kjøbenhavn</subfield>
            <subfield code="b">Schubothe</subfield>
            <subfield code="c">1894</subfield>
        </datafield>
        <datafield tag="300" ind1=" " ind2=" ">
            <subfield code="a">267 s.</subfield>
        </datafield>
    </record>