
    <record>
        <leader>01968cam a2200529 c 4500</leader>
        <controlfield tag="001">999809641214702202</controlfield>
        <controlfield tag="003">Bibsys</controlfield>
        <controlfield tag="005">20230401124141.0</controlfield>
        <controlfield tag="007">cr||||||||||||</controlfield>
        <controlfield tag="007">ta</controlfield>
        <controlfield tag="008">130425s1998    no#||||j |||||000|1|nob| </controlfield>
        <datafield tag="020" ind1=" " ind2=" ">
            <subfield code="a">8279300023</subfield>
            <subfield code="q">ib.</subfield>
            <subfield code="c">Nkr 119.00</subfield>
        </datafield>
        <datafield tag="041" ind1="1" ind2=" ">
            <subfield code="h">eng</subfield>
        </datafield>
        <datafield tag="082" ind1="7" ind2="4">
            <subfield code="a">813</subfield>
            <subfield code="q">NO-OsNB</subfield>
            <subfield code="2">4/nor</subfield>
        </datafield>
        <datafield tag="100" ind1="1" ind2=" ">
            <subfield code="a">Twain, Mark</subfield>
            <subfield code="d">1835-1910</subfield>
            <subfield code="0">(NO-TrBIB)90056487</subfield>
        </datafield>
        <datafield tag="240" ind1="1" ind2="4">
            <subfield code="a">The adventures of Huckleberry Finn</subfield>
            <subfield code="l">Norsk</subfield>
        </datafield>
        <datafield tag="245" ind1="1" ind2="0">
            <subfield code="a">Huckleberry Finn</subfield>
            <subfield code="c">Mark Twain ; [oversatt fra engelsk av Ulf Gleditsh]</subfield>
        </datafield>
        <datafield tag="260" ind1=" " ind2=" ">
            <subfield code="a">[Oslo]</subfield>
            <subfield code="b">Nordisk klassikerforl.</subfield>
            <subfield code="c">1998</subfield>
        </datafield>
        <datafield tag="300" ind1=" " ind2=" ">
            <subfield code="a">249 s.</subfield>
        </datafield>
        <datafield tag="500" ind1=" " ind2=" ">
            <subfield code="a">1. norske utg. Kristiania : P. Omtvedts Forl., 1889</subfield>
        </datafield>
        <datafield tag="500" ind1=" " ind2=" ">
            <subfield code="a">Også utgitt med titlene: Huck Finn ; Huck Finns eventyr</subfield>
        </datafield>
        <datafield tag="700" ind1="1" ind2=" ">
            <subfield code="a">Gleditsh, Ulf</subfield>
            <subfield code="4">trl</subfield>
        </datafield>
        <datafield tag="740" ind1="0" ind2=" ">
            <subfield code="a">Huck Finn</subfield>
        </datafield>
        <datafield tag="740" ind1="0" ind2=" ">
            <subfield code="a">Huck Finns eventyr</subfield>
        </datafield>
    </record>