
    <record>
        <leader>02395cam a2200649 c 4500</leader>
        <controlfield tag="001">999901711914702202</controlfield>
        <controlfield tag="003">Bibsys</controlfield>
        <controlfield tag="005">20230401155736.0</controlfield>
        <controlfield tag="007">cr||||||||||||</controlfield>
        <controlfield tag="007">ta</controlfield>
        <controlfield tag="008">150716s1956    no#||||j |||||000|0|nob| </controlfield>
        <datafield tag="020" ind1=" " ind2=" ">
            <subfield code="q">ib.</subfield>
            <subfield code="c">Nkr 4.85</subfield>
        </datafield>
        <datafield tag="041" ind1="1" ind2=" ">
            <subfield code="h">eng</subfield>
        </datafield>
        <datafield tag="082" ind1="7" ind2="4">
            <subfield code="a"> 813</subfield>
            <subfield code="q">NO-OsNB</subfield>
            <subfield code="2">2/nor</subfield>
        </datafield>
        <datafield tag="100" ind1="1" ind2=" ">
            <subfield code="a">Twain, Mark</subfield>
            <subfield code="d">1835-1910</subfield>
            <subfield code="0">(NO-TrBIB)90056487</subfield>
        </datafield>
        <datafield tag="245" ind1="1" ind2="0">
            <subfield code="a">Tiggerprinsen</subfield>
            <subfield code="c">Mark Twain ; tegninger av Gunnar Bratlie</subfield>
        </datafield>
        <datafield tag="246" ind1="1" ind2=" ">
            <subfield code="a">The Prince and the pauper</subfield>
            <subfield code="i">Originaltittel</subfield>
        </datafield>
        <datafield tag="250" ind1=" " ind2=" ">
            <subfield code="a">Fork. utg.</subfield>
        </datafield>
        <datafield tag="260" ind1=" " ind2=" ">
            <subfield code="a">Oslo</subfield>
            <subfield code="b">Gyldendal</subfield>
            <subfield code="c">1956</subfield>
        </datafield>
        <datafield tag="300" ind1=" " ind2=" ">
            <subfield code="a">132 s.</subfield>
            <subfield code="b">ill.</subfield>
        </datafield>
        <datafield tag="490" ind1="1" ind2=" ">
            <subfield code="a">De aller beste</subfield>
        </datafield>
        <datafield tag="700" ind1="1" ind2=" ">
            <subfield code="a">Horvei, Johannes</subfield>
            <subfield code="0">(NO-TrBIB)2037995</subfield>
            <subfield code="4">trl</subfield>
        </datafield>
        <datafield tag="700" ind1="1" ind2=" ">
            <subfield code="a">Imislund, Birger</subfield>
            <subfield code="0">(NO-TrBIB)2055063</subfield>
            <subfield code="4">bjd</subfield>
        </datafield>
        <datafield tag="700" ind1="1" ind2="2">
            <subfield code="a">Twain, Mark</subfield>
            <subfield code="d">1835-1910</subfield>
            <subfield code="t">Prinsen og fattiggutten</subfield>
            <subfield code="0">(NO-TrBIB)90056487</subfield>
        </datafield>
        <datafield tag="830" ind1=" " ind2="0">
            <subfield code="a">De aller beste</subfield>
        </datafield>
    </record>