
    <record>
        <leader>01044cam a2200253 c 4500</leader>
        <controlfield tag="001">999916597914702202</controlfield>
        <controlfield tag="003">Bibsys</controlfield>
        <controlfield tag="005">20130425104814.0</controlfield>
        <controlfield tag="007">ta</controlfield>
        <controlfield tag="008">130425s1946    xx#|||||||||||000|u|eng| </controlfield>
        <datafield tag="245" ind1="0" ind2="0">
            <subfield code="a">Four great American novels</subfield>
            <subfield code="c">edited by Raymond W. Short</subfield>
        </datafield>
        <datafield tag="260" ind1=" " ind2=" ">
            <subfield code="a">New York</subfield>
            <subfield code="b">Holt</subfield>
            <subfield code="c">c1946</subfield>
        </datafield>
        <datafield tag="300" ind1=" " ind2=" ">
            <subfield code="a">XLVI, 573 s.</subfield>
        </datafield>
        <datafield tag="505" ind1="0" ind2=" ">
            <subfield code="a">The scarlet letter / Nathaniel Hawthorne. Billy Budd, Foretopman / Herman Melville. Huckleberry Finn / Mark Twain. Daisy Miller / Henry James</subfield>
        </datafield>
        <datafield tag="700" ind1="1" ind2=" ">
            <subfield code="a">Short, Raymond W.</subfield>
            <subfield code="0">(NO-TrBIB)99061353</subfield>
        </datafield>
        <datafield tag="700" ind1="1" ind2="2">
            <subfield code="a">Hawthorne, Nathaniel</subfield>
            <subfield code="d">1804-1864</subfield>
            <subfield code="t">The scarlet letter</subfield>
            <subfield code="0">(NO-TrBIB)90071240</subfield>
        </datafield>
        <datafield tag="700" ind1="1" ind2="2">
            <subfield code="a">James, Henry</subfield>
            <subfield code="d">1843-1916</subfield>
            <subfield code="t">Daisy Miller</subfield>
            <subfield code="0">(NO-TrBIB)90056919</subfield>
        </datafield>
        <datafield tag="700" ind1="1" ind2="2">
            <subfield code="a">Melville, Herman</subfield>
            <subfield code="d">1819-1891</subfield>
            <subfield code="t">Billy Budd, Foretopman</subfield>
            <subfield code="0">(NO-TrBIB)90072387</subfield>
        </datafield>
        <datafield tag="700" ind1="1" ind2="2">
            <subfield code="a">Twain, Mark</subfield>
            <subfield code="d">1835-1910</subfield>
            <subfield code="t">Huckleberry Finn</subfield>
            <subfield code="0">(NO-TrBIB)90056487</subfield>
        </datafield>
    </record>