
    <record>
        <leader>00558cam a22001931c 4500</leader>
        <controlfield tag="001">999919814602702202</controlfield>
        <controlfield tag="003">Bibsys</controlfield>
        <controlfield tag="005">20151202145639.0</controlfield>
        <controlfield tag="007">ta</controlfield>
        <controlfield tag="008">130425s1881    xx |||||||||||000|1|dan|d</controlfield>
        <datafield tag="100" ind1="1" ind2=" ">
            <subfield code="a">Twain, Mark</subfield>
            <subfield code="d">1835-1910</subfield>
            <subfield code="0">(NO-TrBIB)90056487</subfield>
        </datafield>
        <datafield tag="245" ind1="1" ind2="0">
            <subfield code="a">Paa reiser :</subfield>
            <subfield code="b">to skitser</subfield>
            <subfield code="c">Mark Twain ; Overs. af E.L. With</subfield>
        </datafield>
        <datafield tag="260" ind1=" " ind2=" ">
            <subfield code="a">København</subfield>
            <subfield code="c">1881</subfield>
        </datafield>
        <datafield tag="300" ind1=" " ind2=" ">
            <subfield code="a">194 s.</subfield>
        </datafield>
    </record>