
    <record>
        <leader>00941cam a2200313 c 4500</leader>
        <controlfield tag="001">999919831104802202</controlfield>
        <controlfield tag="003">Bibsys</controlfield>
        <controlfield tag="005">20160209082128.0</controlfield>
        <controlfield tag="007">ta</controlfield>
        <controlfield tag="008">150106s1968    xx ||||j||||||000|1|eng|d</controlfield>
        <datafield tag="020" ind1=" " ind2=" ">
            <subfield code="a">8742974208</subfield>
        </datafield>
        <datafield tag="041" ind1="1" ind2=" ">
            <subfield code="h">eng</subfield>
        </datafield>
        <datafield tag="100" ind1="1" ind2=" ">
            <subfield code="a">Twain, Mark</subfield>
            <subfield code="d">1835-1910</subfield>
            <subfield code="0">(NO-TrBIB)90056487</subfield>
        </datafield>
        <datafield tag="245" ind1="1" ind2="0">
            <subfield code="a">Tom Sawyer</subfield>
            <subfield code="c">Mark Twain</subfield>
        </datafield>
        <datafield tag="260" ind1=" " ind2=" ">
            <subfield code="a">København</subfield>
            <subfield code="b">Grafisk/Aschehoug</subfield>
            <subfield code="c">c1968</subfield>
        </datafield>
        <datafield tag="300" ind1=" " ind2=" ">
            <subfield code="a">124 s.</subfield>
            <subfield code="b">ill.</subfield>
        </datafield>
        <datafield tag="490" ind1="1" ind2=" ">
            <subfield code="a">Easy readers</subfield>
            <subfield code="v">B</subfield>
        </datafield>
        <datafield tag="500" ind1=" " ind2=" ">
            <subfield code="a">Forkortet og forenklet utg.</subfield>
        </datafield>
        <datafield tag="700" ind1="1" ind2=" ">
            <subfield code="a">Imislund, Birger</subfield>
            <subfield code="4">bjd</subfield>
            <subfield code="0">(NO-TrBIB)2055063</subfield>
        </datafield>
        <datafield tag="700" ind1="1" ind2=" ">
            <subfield code="a">Jørgensen, Oskar.</subfield>
            <subfield code="4">ill</subfield>
            <subfield code="0">(NO-TrBIB)10054936</subfield>
        </datafield>
        <datafield tag="700" ind1="1" ind2=" ">
            <subfield code="a">Solberg, Thor.</subfield>
            <subfield code="4">trl</subfield>
            <subfield code="0">(NO-TrBIB)90780673</subfield>
        </datafield>
        <datafield tag="830" ind1=" " ind2="0">
            <subfield code="a">Easy readers</subfield>
            <subfield code="v">B</subfield>
        </datafield>
    </record>