
    <record>
        <leader>00787cam a2200217 c 4500</leader>
        <controlfield tag="001">999919834904202202</controlfield>
        <controlfield tag="003">Bibsys</controlfield>
        <controlfield tag="005">20170126164246.0</controlfield>
        <controlfield tag="007">ta</controlfield>
        <controlfield tag="008">130416s1889    xx |||||||||||000|1|und|d</controlfield>
        <datafield tag="100" ind1="1" ind2=" ">
            <subfield code="a">Twain, Mark</subfield>
            <subfield code="d">1835-1910</subfield>
            <subfield code="0">(NO-TrBIB)90056487</subfield>
        </datafield>
        <datafield tag="245" ind1="1" ind2="0">
            <subfield code="a">Huck Finns Eventyr</subfield>
            <subfield code="b">en amerikansk Guts Hændelser fortalt af ham selv</subfield>
            <subfield code="n">1</subfield>
            <subfield code="p">1ste Del</subfield>
        </datafield>
        <datafield tag="260" ind1=" " ind2=" ">
            <subfield code="a">Kristiania</subfield>
            <subfield code="b">Omtvedt</subfield>
            <subfield code="c">1889</subfield>
        </datafield>
        <datafield tag="300" ind1=" " ind2=" ">
            <subfield code="a">292 s.</subfield>
        </datafield>
        <datafield tag="773" ind1="0" ind2="8">
            <subfield code="i">Inkludert i</subfield>
            <subfield code="a">Twain, Mark, 1835-1910</subfield>
            <subfield code="s">The adventures of Huckleberry Finn. Norsk</subfield>
            <subfield code="t">Huck Finns Eventyr</subfield>
            <subfield code="d">Kristiania : Omtvedt, 1889</subfield>
            <subfield code="g">1</subfield>
            <subfield code="w">998620169324702201</subfield>
        </datafield>
    </record>