
    <record>
        <leader>00617cam a22002051c 4500</leader>
        <controlfield tag="001">999919896604202202</controlfield>
        <controlfield tag="003">Bibsys</controlfield>
        <controlfield tag="005">20171106105420.0</controlfield>
        <controlfield tag="007">ta</controlfield>
        <controlfield tag="008">140127s1890    xx |||||||||||000|1|dan|d</controlfield>
        <datafield tag="100" ind1="1" ind2=" ">
            <subfield code="a">Twain, Mark</subfield>
            <subfield code="d">1835-1910</subfield>
            <subfield code="0">(NO-TrBIB)90056487</subfield>
        </datafield>
        <datafield tag="245" ind1="1" ind2="3">
            <subfield code="a">En Yankee hos ridderne om det runde bord</subfield>
        </datafield>
        <datafield tag="246" ind1="1" ind2=" ">
            <subfield code="a">A connecticut Yankee in king Arthur's court</subfield>
            <subfield code="i">Originaltittel</subfield>
        </datafield>
        <datafield tag="260" ind1=" " ind2=" ">
            <subfield code="a">Kjøbenhavn</subfield>
            <subfield code="c">1890</subfield>
        </datafield>
        <datafield tag="300" ind1=" " ind2=" ">
            <subfield code="a">310 s.</subfield>
        </datafield>
    </record>