
    <record>
        <leader>00707cam a22002177c 4500</leader>
        <controlfield tag="001">999919896604402202</controlfield>
        <controlfield tag="003">Bibsys</controlfield>
        <controlfield tag="005">20171106104329.0</controlfield>
        <controlfield tag="007">ta</controlfield>
        <controlfield tag="008">020812s1882    xx |||||||||||000|1|dan|d</controlfield>
        <datafield tag="100" ind1="1" ind2=" ">
            <subfield code="a">Twain, Mark</subfield>
            <subfield code="d">1835-1910</subfield>
            <subfield code="0">(NO-TrBIB)90056487</subfield>
        </datafield>
        <datafield tag="245" ind1="1" ind2=" ">
            <subfield code="a">Skildringer og skitser</subfield>
            <subfield code="n">2</subfield>
        </datafield>
        <datafield tag="250" ind1=" " ind2=" ">
            <subfield code="a">3.udg.</subfield>
        </datafield>
        <datafield tag="260" ind1=" " ind2=" ">
            <subfield code="a">Kjøbenhavn</subfield>
            <subfield code="b">C.A.Reitzel</subfield>
            <subfield code="c">1882</subfield>
        </datafield>
        <datafield tag="300" ind1=" " ind2=" ">
            <subfield code="a">472 s.</subfield>
        </datafield>
        <datafield tag="773" ind1="0" ind2="8">
            <subfield code="i">Inkludert i</subfield>
            <subfield code="a">Twain, Mark, 1835-1910</subfield>
            <subfield code="t">Skildringer og skitser</subfield>
            <subfield code="b">3.udg.</subfield>
            <subfield code="d">Kjøbenhavn : C.A.Reitzel, 1881-1882</subfield>
            <subfield code="g">2</subfield>
            <subfield code="w">999300800094702201</subfield>
        </datafield>
    </record>