
    <record>
        <leader>00700cam a22002171c 4500</leader>
        <controlfield tag="001">999919897204002202</controlfield>
        <controlfield tag="003">Bibsys</controlfield>
        <controlfield tag="005">20130425104813.0</controlfield>
        <controlfield tag="007">ta</controlfield>
        <controlfield tag="008">130425s1886    xx#|||||||||||000|u|dan|d</controlfield>
        <datafield tag="100" ind1="1" ind2=" ">
            <subfield code="a">Twain, Mark</subfield>
            <subfield code="d">1835-1910</subfield>
            <subfield code="0">(NO-TrBIB)90056487</subfield>
        </datafield>
        <datafield tag="245" ind1="1" ind2="0">
            <subfield code="a">Forgyldt</subfield>
            <subfield code="c">af Mark Twain og Charles Dudley Warner ; oversat af C.L. With</subfield>
        </datafield>
        <datafield tag="246" ind1="1" ind2=" ">
            <subfield code="a">The gilded age</subfield>
            <subfield code="i">Originaltittel</subfield>
        </datafield>
        <datafield tag="260" ind1=" " ind2=" ">
            <subfield code="a">Kjøbenhavn</subfield>
            <subfield code="b">Schubothe</subfield>
            <subfield code="c">1886</subfield>
        </datafield>
        <datafield tag="300" ind1=" " ind2=" ">
            <subfield code="a">479 s.</subfield>
        </datafield>
        <datafield tag="700" ind1="1" ind2=" ">
            <subfield code="a">Warner, Charles Dudley</subfield>
            <subfield code="d">1829-1900</subfield>
            <subfield code="0">(NO-TrBIB)90175174</subfield>
        </datafield>
    </record>