
    <record>
        <leader>04136nam a2200625 c 4500</leader>
        <controlfield tag="001">999919916094102202</controlfield>
        <controlfield tag="003">Bibsys</controlfield>
        <controlfield tag="005">20230402101253.0</controlfield>
        <controlfield tag="007">ta</controlfield>
        <controlfield tag="008">171221s2018    no a   j |||||00| j nob| </controlfield>
        <datafield tag="020" ind1=" " ind2=" ">
            <subfield code="a">978-82-491-3025-2</subfield>
            <subfield code="q">ib.</subfield>
            <subfield code="c">Nkr 149.00</subfield>
        </datafield>
        <datafield tag="041" ind1="1" ind2=" ">
            <subfield code="a">nob</subfield>
            <subfield code="h">eng</subfield>
        </datafield>
        <datafield tag="082" ind1="0" ind2="4">
            <subfield code="a">823.08708</subfield>
            <subfield code="q">NO-OsBAS</subfield>
            <subfield code="2">23/nor</subfield>
        </datafield>
        <datafield tag="245" ind1="0" ind2="3">
            <subfield code="a">En Skattkiste full av eventyrlige historier</subfield>
            <subfield code="c">oversatt av Ann Høydalsnes</subfield>
        </datafield>
        <datafield tag="246" ind1="1" ind2=" ">
            <subfield code="i">Originaltittel:</subfield>
            <subfield code="a">A treasury of illustrated adventure stories for children</subfield>
        </datafield>
        <datafield tag="260" ind1=" " ind2=" ">
            <subfield code="a">Bergen</subfield>
            <subfield code="b">Vigmostad Bjørke</subfield>
            <subfield code="c">2018</subfield>
        </datafield>
        <datafield tag="300" ind1=" " ind2=" ">
            <subfield code="a">175 s.</subfield>
            <subfield code="b">kol. ill.</subfield>
            <subfield code="c">29 cm</subfield>
        </datafield>
        <datafield tag="336" ind1=" " ind2=" ">
            <subfield code="a">text</subfield>
            <subfield code="b">txt</subfield>
            <subfield code="2">rdacontent</subfield>
        </datafield>
        <datafield tag="337" ind1=" " ind2=" ">
            <subfield code="a">unmediated</subfield>
            <subfield code="b">n</subfield>
            <subfield code="2">rdamedia</subfield>
        </datafield>
        <datafield tag="338" ind1=" " ind2=" ">
            <subfield code="a">volume</subfield>
            <subfield code="b">nc</subfield>
            <subfield code="2">rdacarrier</subfield>
        </datafield>
        <datafield tag="385" ind1=" " ind2=" ">
            <subfield code="b">b</subfield>
            <subfield code="m">Age group</subfield>
            <subfield code="2">nortarget</subfield>
        </datafield>
        <datafield tag="505" ind1="8" ind2=" ">
            <subfield code="a">Innhold: Robin Hood / gjenfortalt av Saviour Pirotta ; illustrert av Luigi Aime. Tom Sawyers eventyr / Mark Twain, gjenfortalt av Saviour Pirotta ; illustrert av Alfredo Belli. Robinson Cruose / Daniel Defoe, gjenfortalt av Saviour Pirotta ; illustrert av Alessandro Baldanzi. En verdensomsegling under havet / Jules Verne, gjenfortalt av Ronne Randall ; illustrert av Andy Catling. Originaltittler: Robin Hood ; The adventures of Tom Sawyer ;  Robinson Crusoe ; 20,000 leagues under the sea</subfield>
        </datafield>
        <datafield tag="520" ind1=" " ind2=" ">
            <subfield code="a">Kan Robin Hood stoppe den slemme sheriffen av Nottingham? Vil den berømte forskeren Pierre Aronnax unnslippe kaptein Nemo på hans  verdensomseiling under havet? Hva vil den skøyeraktige Tom Sawyer gjøre når han blir vitne til et mord? Og hvordan klarer Robinson Crusoe å overleve når han strander på en øde øy? Denne rikt illustrerte skattkisten av en bok inneholder fire spennende og actionfylte klassikere som garantert vil fenge en ny generasjon lesere!</subfield>
        </datafield>
        <datafield tag="700" ind1="1" ind2=" ">
            <subfield code="a">Aime, Luigi</subfield>
            <subfield code="0">(NO-TrBIB)1512719457502</subfield>
            <subfield code="4">ill</subfield>
        </datafield>
        <datafield tag="700" ind1="1" ind2="2">
            <subfield code="a">Baldanzi, Alessandro</subfield>
            <subfield code="0">(NO-TrBIB)1507616673482</subfield>
            <subfield code="4">ill</subfield>
        </datafield>
        <datafield tag="700" ind1="1" ind2="2">
            <subfield code="a">Belli, Alfredo,</subfield>
            <subfield code="d">1962-</subfield>
            <subfield code="0">(NO-TrBIB)1512719457503</subfield>
            <subfield code="4">ill</subfield>
        </datafield>
        <datafield tag="700" ind1="1" ind2="2">
            <subfield code="a">Catling, Andy</subfield>
            <subfield code="0">(NO-TrBIB)10073052</subfield>
            <subfield code="4">ill</subfield>
        </datafield>
        <datafield tag="700" ind1="1" ind2="2">
            <subfield code="a">Defoe, Daniel,</subfield>
            <subfield code="d">ca. 1661-1731</subfield>
            <subfield code="4">org</subfield>
            <subfield code="t">Robinson Crusoe</subfield>
        </datafield>
        <datafield tag="700" ind1="1" ind2="2">
            <subfield code="a">Høydalsnes, Ann</subfield>
            <subfield code="d">1956-</subfield>
            <subfield code="0">(NO-TrBIB)4079696</subfield>
            <subfield code="4">trl</subfield>
        </datafield>
        <datafield tag="700" ind1="1" ind2="2">
            <subfield code="a">Pirotta, Saviour,</subfield>
            <subfield code="d">1958-</subfield>
            <subfield code="4">aut</subfield>
            <subfield code="t">Robin Hood</subfield>
        </datafield>
        <datafield tag="700" ind1="1" ind2="2">
            <subfield code="a">Pirotta, Saviour,</subfield>
            <subfield code="d">1958-</subfield>
            <subfield code="4">aut</subfield>
            <subfield code="t">Robinsom Crusoe</subfield>
        </datafield>
        <datafield tag="700" ind1="1" ind2="2">
            <subfield code="a">Pirotta, Saviour,</subfield>
            <subfield code="d">1958-</subfield>
            <subfield code="4">aut</subfield>
            <subfield code="t">Tom Sawyers eventyr</subfield>
        </datafield>
        <datafield tag="700" ind1="1" ind2="2">
            <subfield code="a">Randall, Ronne</subfield>
            <subfield code="4">aut</subfield>
            <subfield code="t">En verdensomseiling under havet</subfield>
        </datafield>
        <datafield tag="700" ind1="1" ind2="2">
            <subfield code="a">Twain, Mark,</subfield>
            <subfield code="d">1835-1910</subfield>
            <subfield code="4">org</subfield>
            <subfield code="t">The adventures of Tom Sawyer</subfield>
        </datafield>
        <datafield tag="700" ind1="1" ind2="2">
            <subfield code="a">Verne, Jules,</subfield>
            <subfield code="d">1828-1905</subfield>
            <subfield code="4">org</subfield>
            <subfield code="t">20,000 leagues under the sea</subfield>
        </datafield>
        <datafield tag="740" ind1="0" ind2="2">
            <subfield code="a">Robin Hood</subfield>
        </datafield>
    </record>