
    <record>
        <leader>02270nas-a22006257a-4500</leader>
        <controlfield tag="001">999919970878302202</controlfield>
        <controlfield tag="003">Bibsys</controlfield>
        <controlfield tag="005">20220322213019.0</controlfield>
        <controlfield tag="006">m-----o--d--------</controlfield>
        <controlfield tag="007">cr-un|||||||||</controlfield>
        <controlfield tag="008">061219c20039999mauar-p-o-o---0---a0eng-c</controlfield>
        <datafield tag="010" ind1=" " ind2=" ">
            <subfield code="a">  2007216550</subfield>
        </datafield>
        <datafield tag="016" ind1="7" ind2=" ">
            <subfield code="a">2461496-8</subfield>
            <subfield code="2">DE-600</subfield>
        </datafield>
        <datafield tag="022" ind1=" " ind2=" ">
            <subfield code="a">1756-2597</subfield>
        </datafield>
        <datafield tag="043" ind1=" " ind2=" ">
            <subfield code="a">n-us---</subfield>
        </datafield>
        <datafield tag="082" ind1="1" ind2="4">
            <subfield code="a">813.4</subfield>
            <subfield code="2">13</subfield>
        </datafield>
        <datafield tag="130" ind1="0" ind2=" ">
            <subfield code="a">Mark Twain annual (Online)</subfield>
        </datafield>
        <datafield tag="210" ind1=" " ind2=" ">
            <subfield code="a">MARK TWAIN ANNUAL</subfield>
        </datafield>
        <datafield tag="222" ind1=" " ind2="4">
            <subfield code="a">The Mark Twain annual</subfield>
            <subfield code="b">(Online)</subfield>
        </datafield>
        <datafield tag="245" ind1="1" ind2="4">
            <subfield code="a">The Mark Twain annual.</subfield>
        </datafield>
        <datafield tag="260" ind1=" " ind2=" ">
            <subfield code="3">2003-2007 :</subfield>
            <subfield code="a">Ypsilanti, Mich. :</subfield>
            <subfield code="b">Mark Twain Circle of America,</subfield>
            <subfield code="c">©2003-</subfield>
        </datafield>
        <datafield tag="260" ind1="3" ind2=" ">
            <subfield code="3">2008- :</subfield>
            <subfield code="a">Malden, MA :</subfield>
            <subfield code="b">Wiley Periodicals</subfield>
        </datafield>
        <datafield tag="310" ind1=" " ind2=" ">
            <subfield code="a">Annual</subfield>
        </datafield>
        <datafield tag="336" ind1=" " ind2=" ">
            <subfield code="a">text</subfield>
            <subfield code="b">txt</subfield>
            <subfield code="2">rdacontent</subfield>
        </datafield>
        <datafield tag="337" ind1=" " ind2=" ">
            <subfield code="a">computer</subfield>
            <subfield code="b">c</subfield>
            <subfield code="2">rdamedia</subfield>
        </datafield>
        <datafield tag="338" ind1=" " ind2=" ">
            <subfield code="a">online resource</subfield>
            <subfield code="b">cr</subfield>
            <subfield code="2">rdacarrier</subfield>
        </datafield>
        <datafield tag="362" ind1="0" ind2=" ">
            <subfield code="a">No. 1 (2003)-</subfield>
        </datafield>
        <datafield tag="500" ind1=" " ind2=" ">
            <subfield code="a">Title from PDF cover (JSTOR, viewed Dec. 21, 2012).</subfield>
        </datafield>
        <datafield tag="538" ind1=" " ind2=" ">
            <subfield code="a">Mode of access: World Wide Web.</subfield>
        </datafield>
        <datafield tag="550" ind1=" " ind2=" ">
            <subfield code="a">Journal of the Mark Twain Circle of America.</subfield>
        </datafield>
        <datafield tag="588" ind1=" " ind2=" ">
            <subfield code="a">Latest issue consulted: No. 9 (2011) (JSTOR, viewed Dec. 21, 2012).</subfield>
        </datafield>
        <datafield tag="600" ind1="1" ind2="0">
            <subfield code="a">Twain, Mark,</subfield>
            <subfield code="d">1835-1910</subfield>
            <subfield code="v">Periodicals.</subfield>
        </datafield>
        <datafield tag="600" ind1="1" ind2="0">
            <subfield code="a">Twain, Mark,</subfield>
            <subfield code="d">1835-1910</subfield>
            <subfield code="x">Criticism and interpretation</subfield>
            <subfield code="v">Periodicals.</subfield>
        </datafield>
        <datafield tag="600" ind1="1" ind2="0">
            <subfield code="a">Twain, Mark,</subfield>
            <subfield code="d">1835-1910</subfield>
            <subfield code="x">Study and teaching</subfield>
            <subfield code="v">Periodicals.</subfield>
        </datafield>
        <datafield tag="600" ind1="1" ind2="6">
            <subfield code="a">Twain, Mark,</subfield>
            <subfield code="d">1835-1910</subfield>
            <subfield code="v">Périodiques.</subfield>
        </datafield>
        <datafield tag="600" ind1="1" ind2="6">
            <subfield code="a">Twain, Mark,</subfield>
            <subfield code="d">1835-1910</subfield>
            <subfield code="x">Critique et interprétation</subfield>
            <subfield code="v">Périodiques.</subfield>
        </datafield>
        <datafield tag="600" ind1="1" ind2="6">
            <subfield code="a">Twain, Mark,</subfield>
            <subfield code="d">1835-1910</subfield>
            <subfield code="x">Étude et enseignement</subfield>
            <subfield code="v">Périodiques.</subfield>
        </datafield>
        <datafield tag="600" ind1="1" ind2="7">
            <subfield code="a">Twain, Mark,</subfield>
            <subfield code="d">(1835-1910)</subfield>
            <subfield code="2">dbn</subfield>
        </datafield>
        <datafield tag="600" ind1="1" ind2="7">
            <subfield code="a">Twain, Mark,</subfield>
            <subfield code="d">1835-1910.</subfield>
            <subfield code="2">fast</subfield>
            <subfield code="0">(OCoLC)fst00031622</subfield>
        </datafield>
        <datafield tag="710" ind1="2" ind2=" ">
            <subfield code="a">Mark Twain Circle.</subfield>
        </datafield>
        <datafield tag="776" ind1="1" ind2=" ">
            <subfield code="x">1553-0981</subfield>
        </datafield>
    </record>