
    <record>
        <leader>02639nas-a2200625-a-4500</leader>
        <controlfield tag="001">999919970892702202</controlfield>
        <controlfield tag="003">Bibsys</controlfield>
        <controlfield tag="005">20220810213025.0</controlfield>
        <controlfield tag="008">790209c19549999nyufr-p-o-----0---a0eng-c</controlfield>
        <datafield tag="016" ind1="7" ind2=" ">
            <subfield code="a">000267478</subfield>
            <subfield code="2">IsJJNL</subfield>
        </datafield>
        <datafield tag="082" ind1="0" ind2="4">
            <subfield code="a">817.44</subfield>
        </datafield>
        <datafield tag="210" ind1=" " ind2=" ">
            <subfield code="a">MARK TWAIN JOURNAL</subfield>
        </datafield>
        <datafield tag="210" ind1="0" ind2=" ">
            <subfield code="a">Mark Twain j.</subfield>
            <subfield code="b">(1954)</subfield>
        </datafield>
        <datafield tag="222" ind1=" " ind2="0">
            <subfield code="a">Mark Twain journal</subfield>
            <subfield code="b">(1954)</subfield>
        </datafield>
        <datafield tag="245" ind1="0" ind2="0">
            <subfield code="a">Mark Twain journal.</subfield>
            <subfield code="h">[electronic resource]</subfield>
        </datafield>
        <datafield tag="260" ind1=" " ind2=" ">
            <subfield code="a">Kirkwood, Mo. :</subfield>
            <subfield code="b">[publisher not identified],</subfield>
            <subfield code="c">1954-</subfield>
        </datafield>
        <datafield tag="264" ind1="3" ind2="1">
            <subfield code="3">&lt;2011-&gt; :</subfield>
            <subfield code="a">Elmira, NY :</subfield>
            <subfield code="b">Center for Mark Twain Studies</subfield>
        </datafield>
        <datafield tag="300" ind1=" " ind2=" ">
            <subfield code="a">1 online resource</subfield>
        </datafield>
        <datafield tag="310" ind1=" " ind2=" ">
            <subfield code="a">Semiannual,</subfield>
            <subfield code="b">&lt;fall 1986-&gt;</subfield>
        </datafield>
        <datafield tag="321" ind1=" " ind2=" ">
            <subfield code="a">2 issues yearly,</subfield>
            <subfield code="b">1983-</subfield>
        </datafield>
        <datafield tag="321" ind1=" " ind2=" ">
            <subfield code="a">Four issues per v.,</subfield>
            <subfield code="b">1954-1983</subfield>
        </datafield>
        <datafield tag="336" ind1=" " ind2=" ">
            <subfield code="a">text</subfield>
            <subfield code="b">txt</subfield>
            <subfield code="2">rdacontent</subfield>
        </datafield>
        <datafield tag="337" ind1=" " ind2=" ">
            <subfield code="a">computer</subfield>
            <subfield code="b">c</subfield>
            <subfield code="2">rdamedia</subfield>
        </datafield>
        <datafield tag="338" ind1=" " ind2=" ">
            <subfield code="a">online resource</subfield>
            <subfield code="b">cr</subfield>
            <subfield code="2">rdacarrier</subfield>
        </datafield>
        <datafield tag="362" ind1="0" ind2=" ">
            <subfield code="a">Vol. 9, no. 4 (summer 1954)-</subfield>
        </datafield>
        <datafield tag="500" ind1=" " ind2=" ">
            <subfield code="a">Refereed/Peer-reviewed</subfield>
        </datafield>
        <datafield tag="500" ind1=" " ind2=" ">
            <subfield code="a">Title from cover.</subfield>
        </datafield>
        <datafield tag="500" ind1=" " ind2=" ">
            <subfield code="a">Volumes for 1983- published: Charleston, S.C.</subfield>
        </datafield>
        <datafield tag="515" ind1=" " ind2=" ">
            <subfield code="a">Some nos. combined; issues for 2008- published annually as nos. 1 and 2 (spring/fall).</subfield>
        </datafield>
        <datafield tag="550" ind1=" " ind2=" ">
            <subfield code="a">Affiliated with: Center for Mark Twain Studies, 2012- ; Mark Twain Circle of America, &lt;2012-&gt;</subfield>
        </datafield>
        <datafield tag="588" ind1=" " ind2=" ">
            <subfield code="a">Latest issue consulted: Vol. 49, no. 1/2 (spring/fall 2011).</subfield>
        </datafield>
        <datafield tag="600" ind1="1" ind2="0">
            <subfield code="a">Twain, Mark,</subfield>
            <subfield code="d">1835-1910</subfield>
            <subfield code="v">Periodicals.</subfield>
        </datafield>
        <datafield tag="600" ind1="1" ind2="4">
            <subfield code="a">Twain, Mark,</subfield>
            <subfield code="d">1835-1910</subfield>
            <subfield code="x">Periodicals.</subfield>
        </datafield>
        <datafield tag="600" ind1="1" ind2="7">
            <subfield code="a">Twain, Mark,</subfield>
            <subfield code="d">1835-1910.</subfield>
            <subfield code="2">fast</subfield>
            <subfield code="0">(OCoLC)fst00031622</subfield>
        </datafield>
        <datafield tag="710" ind1="2" ind2=" ">
            <subfield code="a">Center for Mark Twain Studies.</subfield>
        </datafield>
        <datafield tag="710" ind1="2" ind2=" ">
            <subfield code="a">Mark Twain Circle.</subfield>
        </datafield>
        <datafield tag="770" ind1="0" ind2=" ">
            <subfield code="t">Mark Twain circular</subfield>
            <subfield code="w">(CKB)110978979592059</subfield>
            <subfield code="w">(DLC)89647302</subfield>
        </datafield>
        <datafield tag="776" ind1="0" ind2="8">
            <subfield code="i">Print version:</subfield>
            <subfield code="t">Mark Twain journal.</subfield>
            <subfield code="x">0025-3499</subfield>
            <subfield code="w">(DLC)   39024693</subfield>
            <subfield code="w">(OCoLC)259631130</subfield>
        </datafield>
        <datafield tag="780" ind1="0" ind2="0">
            <subfield code="t">Mark Twain Quarterly</subfield>
            <subfield code="w">(CKB)991042731798750</subfield>
            <subfield code="w">(DLC)95650549</subfield>
            <subfield code="w">(OCoLC)563123823</subfield>
        </datafield>
    </record>