
    <record>
        <leader>01524nas-a2200397-a-4500</leader>
        <controlfield tag="001">999919970897402202</controlfield>
        <controlfield tag="003">Bibsys</controlfield>
        <controlfield tag="005">20230131213021.0</controlfield>
        <controlfield tag="008">760625d19361953mouqr-p-o-----0---a0eng--</controlfield>
        <datafield tag="051" ind1=" " ind2=" ">
            <subfield code="c">2d set</subfield>
        </datafield>
        <datafield tag="082" ind1=" " ind2="4">
            <subfield code="a">817.44</subfield>
        </datafield>
        <datafield tag="210" ind1="0" ind2=" ">
            <subfield code="a">Mark Twain q.</subfield>
        </datafield>
        <datafield tag="222" ind1=" " ind2="0">
            <subfield code="a">Mark Twain quarterly</subfield>
        </datafield>
        <datafield tag="245" ind1="0" ind2="0">
            <subfield code="a">Mark Twain quarterly.</subfield>
            <subfield code="h">[electronic resource]</subfield>
        </datafield>
        <datafield tag="260" ind1=" " ind2=" ">
            <subfield code="a">St. Louis, Mo. :</subfield>
            <subfield code="b">The International Mark Twain Society,</subfield>
            <subfield code="c">1936-1953.</subfield>
        </datafield>
        <datafield tag="300" ind1=" " ind2=" ">
            <subfield code="a">1 online resource</subfield>
        </datafield>
        <datafield tag="310" ind1=" " ind2=" ">
            <subfield code="a">Quarterly (Sept., Dec., Mar. and June)</subfield>
        </datafield>
        <datafield tag="362" ind1="0" ind2=" ">
            <subfield code="a">Vol. 1, no. 1 (fall 1936)-v. 9, no. 3 (winter 1953).</subfield>
        </datafield>
        <datafield tag="500" ind1=" " ind2=" ">
            <subfield code="a">Cover title.</subfield>
        </datafield>
        <datafield tag="500" ind1=" " ind2=" ">
            <subfield code="a">Friedman Twain Collection: Vol. 1, no. 1 (fall 1936)-v. 1, no. 4 (summer 1937).</subfield>
            <subfield code="5">DLC</subfield>
        </datafield>
        <datafield tag="500" ind1=" " ind2=" ">
            <subfield code="a">Published: Webster Groves, Mo., summer 1937-</subfield>
        </datafield>
        <datafield tag="600" ind1="1" ind2="0">
            <subfield code="a">Twain, Mark,</subfield>
            <subfield code="d">1835-1910</subfield>
            <subfield code="v">Periodicals.</subfield>
        </datafield>
        <datafield tag="600" ind1="1" ind2="7">
            <subfield code="a">Twain, Mark,</subfield>
            <subfield code="d">1835-1910.</subfield>
            <subfield code="2">fast</subfield>
            <subfield code="0">(OCoLC)fst00031622</subfield>
        </datafield>
        <datafield tag="710" ind1="2" ind2=" ">
            <subfield code="a">International Mark Twain Society.</subfield>
        </datafield>
        <datafield tag="710" ind1="2" ind2=" ">
            <subfield code="a">Roy J. Friedman Mark Twain Collection (Library of Congress)</subfield>
        </datafield>
        <datafield tag="776" ind1="0" ind2="8">
            <subfield code="i">Print version:</subfield>
            <subfield code="t">Mark Twain quarterly.</subfield>
            <subfield code="x">1080-7330</subfield>
            <subfield code="w">(DLC)   95650549</subfield>
            <subfield code="w">(OCoLC)2279953</subfield>
        </datafield>
        <datafield tag="785" ind1="0" ind2="0">
            <subfield code="t">Mark Twain Journal</subfield>
            <subfield code="w">(CKB)110978977281548</subfield>
            <subfield code="w">(DLC)sn85023785</subfield>
            <subfield code="w">(OCoLC)259631130</subfield>
        </datafield>
    </record>