
    <record>
        <leader>01231cam a2200313 c 4500</leader>
        <controlfield tag="001">999920013869402202</controlfield>
        <controlfield tag="003">Bibsys</controlfield>
        <controlfield tag="005">20220909075440.0</controlfield>
        <controlfield tag="007">ta</controlfield>
        <controlfield tag="008">150420s1977    xx#|||||||||||000|f|eng|d</controlfield>
        <datafield tag="020" ind1=" " ind2=" ">
            <subfield code="a">0393044548</subfield>
        </datafield>
        <datafield tag="020" ind1=" " ind2=" ">
            <subfield code="a">0393091465</subfield>
            <subfield code="q">h.</subfield>
        </datafield>
        <datafield tag="080" ind1=" " ind2=" ">
            <subfield code="a">820(73)</subfield>
        </datafield>
        <datafield tag="100" ind1="1" ind2=" ">
            <subfield code="a">Twain, Mark</subfield>
            <subfield code="d">1835-1910</subfield>
            <subfield code="0">(NO-TrBIB)90056487</subfield>
        </datafield>
        <datafield tag="245" ind1="1" ind2="0">
            <subfield code="a">Adventures of Huckleberry Finn :</subfield>
            <subfield code="b">an authoritative text, backgrounds and sources, criticism</subfield>
            <subfield code="c">Samuel Langhorne Clemens ; edited by Sculley Bradley ... [et al.]</subfield>
        </datafield>
        <datafield tag="250" ind1=" " ind2=" ">
            <subfield code="a">2nd ed.</subfield>
        </datafield>
        <datafield tag="260" ind1=" " ind2=" ">
            <subfield code="a">New York</subfield>
            <subfield code="b">Norton</subfield>
            <subfield code="c">c1977</subfield>
        </datafield>
        <datafield tag="300" ind1=" " ind2=" ">
            <subfield code="a">XI,452 s.</subfield>
        </datafield>
        <datafield tag="490" ind1="0" ind2=" ">
            <subfield code="a">A Norton critical edition</subfield>
        </datafield>
        <datafield tag="700" ind1="1" ind2=" ">
            <subfield code="a">Bradley, Sculley</subfield>
            <subfield code="0">(NO-TrBIB)90399758</subfield>
        </datafield>
    </record>