
    <record>
        <leader>00961cam a2200253 c 4500</leader>
        <controlfield tag="001">999920013991502202</controlfield>
        <controlfield tag="003">Bibsys</controlfield>
        <controlfield tag="005">20170124082912.0</controlfield>
        <controlfield tag="007">ta</controlfield>
        <controlfield tag="008">130425s1959    xx#|||||||||||000|uaeng|d</controlfield>
        <datafield tag="100" ind1="1" ind2=" ">
            <subfield code="a">Twain, Mark</subfield>
            <subfield code="d">1835-1910</subfield>
            <subfield code="0">(NO-TrBIB)90056487</subfield>
        </datafield>
        <datafield tag="245" ind1="1" ind2="4">
            <subfield code="a">The autobiography of Mark Twain :</subfield>
            <subfield code="b">including chapters now published for the first time</subfield>
            <subfield code="c">as arranged and edited, with an introduction and notes, by Charles Neider</subfield>
        </datafield>
        <datafield tag="260" ind1=" " ind2=" ">
            <subfield code="a">New York</subfield>
            <subfield code="b">Harper</subfield>
            <subfield code="c">c1959</subfield>
        </datafield>
        <datafield tag="300" ind1=" " ind2=" ">
            <subfield code="a">XXVI, 388 s., pl.</subfield>
            <subfield code="b">ill.</subfield>
        </datafield>
        <datafield tag="600" ind1="1" ind2="7">
            <subfield code="a">Twain, Mark</subfield>
            <subfield code="d">1835-1910</subfield>
            <subfield code="0">(NO-TrBIB)90056487</subfield>
            <subfield code="2">bare</subfield>
        </datafield>
        <datafield tag="700" ind1="1" ind2=" ">
            <subfield code="a">Neider, Charles</subfield>
            <subfield code="0">(NO-TrBIB)90157984</subfield>
        </datafield>
    </record>