
    <record>
        <leader>04128njm a2200757 c 4500</leader>
        <controlfield tag="001">999920074544302202</controlfield>
        <controlfield tag="003">Bibsys</controlfield>
        <controlfield tag="005">20230330091821.0</controlfield>
        <controlfield tag="007">s|||||||||||||</controlfield>
        <controlfield tag="008">990706b||||||||no || |          |||   |d</controlfield>
        <datafield tag="028" ind1="0" ind2="3">
            <subfield code="a">565 091 2</subfield>
            <subfield code="b">Polydor</subfield>
        </datafield>
        <datafield tag="245" ind1="0" ind2="0">
            <subfield code="a">Her kommer Norge!</subfield>
            <subfield code="b">let's do it! : det offisielle norske VM-albumet</subfield>
            <subfield code="h">lydopptak</subfield>
        </datafield>
        <datafield tag="260" ind1=" " ind2=" ">
            <subfield code="a">Oslo</subfield>
            <subfield code="b">Polydor</subfield>
            <subfield code="c">1998</subfield>
        </datafield>
        <datafield tag="300" ind1=" " ind2=" ">
            <subfield code="a">1 CD (1 t, 14 min)</subfield>
            <subfield code="b">digital</subfield>
            <subfield code="c">12 cm</subfield>
        </datafield>
        <datafield tag="500" ind1=" " ind2=" ">
            <subfield code="a">Polydor: 565 091-2</subfield>
        </datafield>
        <datafield tag="500" ind1=" " ind2=" ">
            <subfield code="a">Tittel fra tekstbilaget</subfield>
        </datafield>
        <datafield tag="505" ind1="8" ind2=" ">
            <subfield code="a">Innhold: Let's do it / Jørn Hoel, Oddvar Nygård, R.C. Finnigan (J. Hoel med Elg &amp; Steinar Albrigtsen). Vill ha dig / Tommy Ekman ... [et al.] (Drömhus). Her kommer Norge! / Jo Nesbø (Di derre). Lucky for you / Espen Lind (E. Lind). Cannibals / Mark Knopfler (M. Knopfler). Life is a flower / Jonas Berggren (Ace of Base). Alt for Norge : the Arne Scheie mix / Torstein Flakne, Ivar Dyrhaug, trad. (The Rogers). Raincloud / Paul Tucker, Tunde Baiyewu, Martin Brammer (Lighthouse Family). You're still the one / Shania Twain, Robert John Mutt Lange (S. Twain). Too late to be good / Cheri Brandon (The Tuesdays). Recover your soul / Elton John, Bernie Taupin (E. John). My oh My / Noddy Holder, Jom Lea (Alex Rosén). Ameno / Eric Levi, Guy Protheroe (Era). Weird / Isaac Hanson ... [et al.] (Hanson). Only friends / Terje Refsnes, Lone Ungar (L. Ungar). I don't have faith in faith / J. Hoel, R.C. Finnigan (J. Hoel &amp; S. Albrigtsen). Drillosangen / T. Flakne ... [et al.] (To store og en liten). Bonjour Paris / Øivind Madsen, Arne Hjeltnes (A. Hjeltnes)</subfield>
        </datafield>
        <datafield tag="700" ind1="1" ind2=" ">
            <subfield code="a">Albrigtsen, Steinar</subfield>
            <subfield code="d">1957-</subfield>
            <subfield code="0">(NO-TrBIB)90945284</subfield>
        </datafield>
        <datafield tag="700" ind1="1" ind2=" ">
            <subfield code="a">Baiyewu, Tunde</subfield>
            <subfield code="d">1968-</subfield>
            <subfield code="t">Raincloud</subfield>
        </datafield>
        <datafield tag="700" ind1="1" ind2=" ">
            <subfield code="a">Berggren, Jonas</subfield>
            <subfield code="d">1967-</subfield>
            <subfield code="t">Life is a flower</subfield>
            <subfield code="0">(NO-TrBIB)12010547</subfield>
        </datafield>
        <datafield tag="700" ind1="1" ind2=" ">
            <subfield code="a">Brammer, Martin</subfield>
            <subfield code="d">1957-</subfield>
            <subfield code="t">Raincloud</subfield>
        </datafield>
        <datafield tag="700" ind1="1" ind2=" ">
            <subfield code="a">Brandon, Cheri</subfield>
            <subfield code="t">Too late to be good</subfield>
        </datafield>
        <datafield tag="700" ind1="1" ind2=" ">
            <subfield code="a">Dyrhaug, Ivar</subfield>
            <subfield code="d">1949-</subfield>
            <subfield code="t">Alt for Norge : the Arne Scheie mix</subfield>
            <subfield code="0">(NO-TrBIB)90160188</subfield>
        </datafield>
        <datafield tag="700" ind1="1" ind2=" ">
            <subfield code="a">Ekman, Tommy</subfield>
            <subfield code="d">1961-</subfield>
            <subfield code="t">Vill ha dig</subfield>
            <subfield code="0">(NO-TrBIB)5041069</subfield>
        </datafield>
        <datafield tag="700" ind1="1" ind2=" ">
            <subfield code="a">Elg</subfield>
        </datafield>
        <datafield tag="700" ind1="1" ind2=" ">
            <subfield code="a">Finnigan, R.C.</subfield>
            <subfield code="t">I don't have faith in faith</subfield>
        </datafield>
        <datafield tag="700" ind1="1" ind2=" ">
            <subfield code="a">Finnigan, R.C.</subfield>
            <subfield code="t">Let's do it</subfield>
        </datafield>
        <datafield tag="700" ind1="1" ind2=" ">
            <subfield code="a">Flakne, Torstein</subfield>
            <subfield code="d">1960-</subfield>
            <subfield code="t">Alt for Norge : the Arne Scheie mix</subfield>
            <subfield code="0">(NO-TrBIB)45543</subfield>
        </datafield>
        <datafield tag="700" ind1="1" ind2=" ">
            <subfield code="a">Flakne, Torstein</subfield>
            <subfield code="d">1960-</subfield>
            <subfield code="t">Drillosangen</subfield>
            <subfield code="0">(NO-TrBIB)45543</subfield>
        </datafield>
        <datafield tag="700" ind1="1" ind2=" ">
            <subfield code="a">Hanson, Isaac</subfield>
            <subfield code="d">1980-</subfield>
            <subfield code="t">Weird</subfield>
        </datafield>
        <datafield tag="700" ind1="1" ind2=" ">
            <subfield code="a">Hjeltnes, Arne</subfield>
            <subfield code="d">1963-</subfield>
            <subfield code="t">Bonjour Paris</subfield>
            <subfield code="0">(NO-TrBIB)99054724</subfield>
        </datafield>
        <datafield tag="700" ind1="1" ind2=" ">
            <subfield code="a">Hoel, Jørn</subfield>
            <subfield code="d">1957-</subfield>
            <subfield code="t">I don't have faith in faith</subfield>
            <subfield code="0">(NO-TrBIB)31665</subfield>
        </datafield>
        <datafield tag="700" ind1="1" ind2=" ">
            <subfield code="a">Hoel, Jørn</subfield>
            <subfield code="d">1957-</subfield>
            <subfield code="t">Let's do it</subfield>
            <subfield code="0">(NO-TrBIB)31665</subfield>
        </datafield>
        <datafield tag="700" ind1="1" ind2=" ">
            <subfield code="a">Holder, Noddy</subfield>
            <subfield code="d">1946-</subfield>
            <subfield code="t">My oh My</subfield>
            <subfield code="0">(NO-TrBIB)44472</subfield>
        </datafield>
        <datafield tag="700" ind1="1" ind2=" ">
            <subfield code="a">John, Elton</subfield>
            <subfield code="d">1947-</subfield>
            <subfield code="t">Recover your soul</subfield>
            <subfield code="0">(NO-TrBIB)98006514</subfield>
        </datafield>
        <datafield tag="700" ind1="1" ind2=" ">
            <subfield code="a">Knopfler, Mark</subfield>
            <subfield code="d">1949-</subfield>
            <subfield code="t">Cannibals</subfield>
            <subfield code="0">(NO-TrBIB)1091621</subfield>
        </datafield>
        <datafield tag="700" ind1="1" ind2=" ">
            <subfield code="a">Lange, Robert John</subfield>
            <subfield code="d">1948-</subfield>
            <subfield code="t">You're still the one</subfield>
            <subfield code="0">(NO-TrBIB)62710</subfield>
        </datafield>
        <datafield tag="700" ind1="1" ind2=" ">
            <subfield code="a">Lea, Jom</subfield>
            <subfield code="t">My oh My</subfield>
        </datafield>
        <datafield tag="700" ind1="1" ind2=" ">
            <subfield code="a">Levi, Eric</subfield>
            <subfield code="d">1955-</subfield>
            <subfield code="t">Ameno</subfield>
        </datafield>
        <datafield tag="700" ind1="1" ind2=" ">
            <subfield code="a">Lind, Espen</subfield>
            <subfield code="d">1971-</subfield>
            <subfield code="t">Lucky for you</subfield>
            <subfield code="0">(NO-TrBIB)90741623</subfield>
        </datafield>
        <datafield tag="700" ind1="1" ind2=" ">
            <subfield code="a">Madsen, Øivind</subfield>
            <subfield code="t">Bonjour Paris</subfield>
        </datafield>
        <datafield tag="700" ind1="1" ind2=" ">
            <subfield code="a">Nesbø, Jo</subfield>
            <subfield code="t">Her kommer Norge!</subfield>
        </datafield>
        <datafield tag="700" ind1="1" ind2=" ">
            <subfield code="a">Nygård, Oddvar</subfield>
            <subfield code="t">Let's do it</subfield>
        </datafield>
        <datafield tag="700" ind1="1" ind2=" ">
            <subfield code="a">Protheroe, Guy</subfield>
            <subfield code="d">1900-</subfield>
            <subfield code="t">Ameno</subfield>
        </datafield>
        <datafield tag="700" ind1="1" ind2=" ">
            <subfield code="a">Refsnes, Terje</subfield>
            <subfield code="t">Only friends</subfield>
        </datafield>
        <datafield tag="700" ind1="1" ind2=" ">
            <subfield code="a">Rosén, Alex</subfield>
            <subfield code="d">1968-</subfield>
            <subfield code="0">(NO-TrBIB)4050831</subfield>
        </datafield>
        <datafield tag="700" ind1="1" ind2=" ">
            <subfield code="a">Taupin, Bernie</subfield>
            <subfield code="d">1950-</subfield>
            <subfield code="t">Recover your soul</subfield>
            <subfield code="0">(NO-TrBIB)44837</subfield>
        </datafield>
        <datafield tag="700" ind1="1" ind2=" ">
            <subfield code="a">Tucker, Paul</subfield>
            <subfield code="d">1968-</subfield>
            <subfield code="t">Raincloud</subfield>
        </datafield>
        <datafield tag="700" ind1="1" ind2=" ">
            <subfield code="a">Twain, Shania</subfield>
            <subfield code="d">1965-</subfield>
            <subfield code="t">You're still the one</subfield>
            <subfield code="0">(NO-TrBIB)1095079</subfield>
        </datafield>
        <datafield tag="700" ind1="1" ind2=" ">
            <subfield code="a">Ungar, Lone</subfield>
            <subfield code="d">1975-</subfield>
            <subfield code="t">Only friends</subfield>
            <subfield code="0">(NO-TrBIB)4010618</subfield>
        </datafield>
        <datafield tag="710" ind1="2" ind2=" ">
            <subfield code="a">Ace of Base (musikkgruppe)</subfield>
            <subfield code="0">(NO-TrBIB)8035156</subfield>
        </datafield>
        <datafield tag="710" ind1="2" ind2=" ">
            <subfield code="a">Di derre</subfield>
        </datafield>
        <datafield tag="710" ind1="2" ind2=" ">
            <subfield code="a">Drömhus(popgruppe)</subfield>
        </datafield>
        <datafield tag="710" ind1="2" ind2=" ">
            <subfield code="a">Era(prosjekt)</subfield>
        </datafield>
        <datafield tag="710" ind1="2" ind2=" ">
            <subfield code="a">Hanson(popgruppe)</subfield>
        </datafield>
        <datafield tag="710" ind1="2" ind2=" ">
            <subfield code="a">Lighthouse Family</subfield>
        </datafield>
        <datafield tag="710" ind1="2" ind2=" ">
            <subfield code="a">Rogers</subfield>
            <subfield code="0">(NO-TrBIB)3040946</subfield>
        </datafield>
        <datafield tag="710" ind1="2" ind2=" ">
            <subfield code="a">To store og en liten(gruppe)</subfield>
        </datafield>
        <datafield tag="710" ind1="2" ind2=" ">
            <subfield code="a">Tuesdays</subfield>
        </datafield>
    </record>