
    <record>
        <leader>00770cam a2200241 c 4500</leader>
        <controlfield tag="001">999920086892502202</controlfield>
        <controlfield tag="003">Bibsys</controlfield>
        <controlfield tag="005">20200831142511.0</controlfield>
        <controlfield tag="007">ta</controlfield>
        <controlfield tag="008">130425s1948    xx |||||||||||000|u|eng|d</controlfield>
        <datafield tag="020" ind1=" " ind2=" ">
            <subfield code="a">0030097703</subfield>
            <subfield code="q">h.</subfield>
        </datafield>
        <datafield tag="080" ind1=" " ind2=" ">
            <subfield code="a">820(73)</subfield>
        </datafield>
        <datafield tag="100" ind1="1" ind2=" ">
            <subfield code="a">Twain, Mark</subfield>
            <subfield code="d">1835-1910</subfield>
            <subfield code="0">(NO-TrBIB)90056487</subfield>
        </datafield>
        <datafield tag="245" ind1="1" ind2="4">
            <subfield code="a">The adventures of Huckleberry Finn</subfield>
            <subfield code="c">Mark Twain ; introduction by Lionel Trilling</subfield>
        </datafield>
        <datafield tag="260" ind1=" " ind2=" ">
            <subfield code="a">New York</subfield>
            <subfield code="b">Holt, Rinehart and Winston</subfield>
            <subfield code="c">c1948</subfield>
        </datafield>
        <datafield tag="300" ind1=" " ind2=" ">
            <subfield code="a">XVII, 292 s.</subfield>
        </datafield>
        <datafield tag="490" ind1="0" ind2=" ">
            <subfield code="a">Rinehart editions</subfield>
            <subfield code="v">11</subfield>
        </datafield>
        <datafield tag="700" ind1="1" ind2=" ">
            <subfield code="a">Trilling, Lionel</subfield>
            <subfield code="d">1905-1975</subfield>
            <subfield code="0">(NO-TrBIB)90064793</subfield>
        </datafield>
    </record>