
    <record>
        <leader>00682cam a22002057c 4500</leader>
        <controlfield tag="001">999920087397702202</controlfield>
        <controlfield tag="003">Bibsys</controlfield>
        <controlfield tag="005">20200831083953.0</controlfield>
        <controlfield tag="007">ta</controlfield>
        <controlfield tag="008">130425s1958    xx |||||||||||000|u|und|d</controlfield>
        <datafield tag="100" ind1="1" ind2=" ">
            <subfield code="a">Twain, Mark</subfield>
            <subfield code="d">1835-1910</subfield>
            <subfield code="0">(NO-TrBIB)90056487</subfield>
        </datafield>
        <datafield tag="245" ind1="1" ind2="0">
            <subfield code="a">Adventures of Huckleberry Finn</subfield>
            <subfield code="c">Mark Twain ; edited with an introduction and notes by Henry Nash Smith</subfield>
        </datafield>
        <datafield tag="260" ind1=" " ind2=" ">
            <subfield code="a">Boston</subfield>
            <subfield code="b">Houghton Mifflin Company</subfield>
            <subfield code="c">c1958</subfield>
        </datafield>
        <datafield tag="300" ind1=" " ind2=" ">
            <subfield code="a">273 sider</subfield>
        </datafield>
        <datafield tag="700" ind1="1" ind2=" ">
            <subfield code="a">Smith, Henry Nash</subfield>
            <subfield code="0">(NO-TrBIB)90136066</subfield>
        </datafield>
    </record>