
    <record>
        <leader>02119cam a2200493 c 4500</leader>
        <controlfield tag="001">999920089201702202</controlfield>
        <controlfield tag="003">Bibsys</controlfield>
        <controlfield tag="005">20230314082648.0</controlfield>
        <controlfield tag="007">ta</controlfield>
        <controlfield tag="008">150814s1999    xx#|||||||||||000|u|eng|d</controlfield>
        <datafield tag="020" ind1=" " ind2=" ">
            <subfield code="a">0393966402</subfield>
            <subfield code="q">h.</subfield>
        </datafield>
        <datafield tag="082" ind1="0" ind2="4">
            <subfield code="a">810</subfield>
            <subfield code="2">23</subfield>
        </datafield>
        <datafield tag="100" ind1="1" ind2=" ">
            <subfield code="a">Twain, Mark</subfield>
            <subfield code="d">1835-1910</subfield>
            <subfield code="0">(NO-TrBIB)90056487</subfield>
        </datafield>
        <datafield tag="245" ind1="1" ind2="0">
            <subfield code="a">Adventures of Huckleberry Finn :</subfield>
            <subfield code="b">an authoritative text, contexts and sources, criticism</subfield>
            <subfield code="c">Mark Twain ; edited by Thomas Cooley</subfield>
        </datafield>
        <datafield tag="250" ind1=" " ind2=" ">
            <subfield code="a">3rd ed.</subfield>
        </datafield>
        <datafield tag="260" ind1=" " ind2=" ">
            <subfield code="a">New York</subfield>
            <subfield code="b">Norton</subfield>
            <subfield code="c">c1999</subfield>
        </datafield>
        <datafield tag="300" ind1=" " ind2=" ">
            <subfield code="a">XI, 398 s.</subfield>
            <subfield code="b">ill.</subfield>
        </datafield>
        <datafield tag="490" ind1="1" ind2=" ">
            <subfield code="a">A Norton critical edition</subfield>
        </datafield>
        <datafield tag="600" ind1="1" ind2="7">
            <subfield code="a">Twain, Mark</subfield>
            <subfield code="d">1835-1910</subfield>
            <subfield code="t">Adventures of Huckleberry Finn</subfield>
            <subfield code="0">(NO-TrBIB)90056487</subfield>
            <subfield code="2">bare</subfield>
        </datafield>
        <datafield tag="700" ind1="1" ind2=" ">
            <subfield code="a">Cooley, Thomas</subfield>
            <subfield code="0">(NO-TrBIB)3081931</subfield>
        </datafield>
        <datafield tag="740" ind1="0" ind2=" ">
            <subfield code="a">Huckleberry Finn</subfield>
        </datafield>
        <datafield tag="830" ind1=" " ind2="2">
            <subfield code="a">A Norton critical edition</subfield>
        </datafield>
    </record>