
    <record>
        <leader>00698cam a22002177c 4500</leader>
        <controlfield tag="001">999920115190202202</controlfield>
        <controlfield tag="003">Bibsys</controlfield>
        <controlfield tag="005">20130425104811.0</controlfield>
        <controlfield tag="007">ta</controlfield>
        <controlfield tag="008">130425s1984    xx#|||||||||||000|u|und|d</controlfield>
        <datafield tag="020" ind1=" " ind2=" ">
            <subfield code="a">1850790035</subfield>
        </datafield>
        <datafield tag="100" ind1="1" ind2=" ">
            <subfield code="a">Twain, Mark</subfield>
            <subfield code="d">1835-1910</subfield>
            <subfield code="0">(NO-TrBIB)90056487</subfield>
        </datafield>
        <datafield tag="245" ind1="1" ind2="0">
            <subfield code="a">The illustrated Mark Twain</subfield>
            <subfield code="c">Mark Twain ; edited and with an introduction by Roy Gasson</subfield>
        </datafield>
        <datafield tag="260" ind1=" " ind2=" ">
            <subfield code="a">Poole, Dorset</subfield>
            <subfield code="b">New Orchard Editions</subfield>
            <subfield code="c">[1984?]</subfield>
        </datafield>
        <datafield tag="300" ind1=" " ind2=" ">
            <subfield code="a">XXIII, 234 s.</subfield>
            <subfield code="b">ill.</subfield>
        </datafield>
        <datafield tag="500" ind1=" " ind2=" ">
            <subfield code="a">Litteraturliste s. 233-234.</subfield>
        </datafield>
    </record>