
    <record>
        <leader>00989cam a22002657c 4500</leader>
        <controlfield tag="001">999920115488502202</controlfield>
        <controlfield tag="003">Bibsys</controlfield>
        <controlfield tag="005">20220902141955.0</controlfield>
        <controlfield tag="007">ta</controlfield>
        <controlfield tag="008">130425s1962    xx#|||||||||||000|u|eng|d</controlfield>
        <datafield tag="020" ind1=" " ind2=" ">
            <subfield code="a">0060830751</subfield>
        </datafield>
        <datafield tag="100" ind1="1" ind2=" ">
            <subfield code="a">Twain, Mark</subfield>
            <subfield code="d">1835-1910</subfield>
            <subfield code="0">(NO-TrBIB)90056487</subfield>
        </datafield>
        <datafield tag="245" ind1="1" ind2="0">
            <subfield code="a">Great short works of Mark Twain</subfield>
            <subfield code="c">Mark Twain ; edited, with an introduction, by Justin Kaplan</subfield>
        </datafield>
        <datafield tag="260" ind1=" " ind2=" ">
            <subfield code="a">New York</subfield>
            <subfield code="b">Harper &amp; Row</subfield>
            <subfield code="c">1962</subfield>
        </datafield>
        <datafield tag="300" ind1=" " ind2=" ">
            <subfield code="a">368 s.</subfield>
        </datafield>
        <datafield tag="490" ind1="1" ind2=" ">
            <subfield code="a">A Perennial classic</subfield>
        </datafield>
        <datafield tag="700" ind1="1" ind2=" ">
            <subfield code="a">Kaplan, Justin</subfield>
            <subfield code="0">(NO-TrBIB)90208902</subfield>
        </datafield>
        <datafield tag="830" ind1=" " ind2="0">
            <subfield code="a">A Perennial classic</subfield>
        </datafield>
    </record>