
    <record>
        <leader>00713cam a2200217 c 4500</leader>
        <controlfield tag="001">999920118390902202</controlfield>
        <controlfield tag="003">Bibsys</controlfield>
        <controlfield tag="005">20130425104811.0</controlfield>
        <controlfield tag="007">ta</controlfield>
        <controlfield tag="008">130425s1983    xx#|||||||||||000|u|eng|d</controlfield>
        <datafield tag="020" ind1=" " ind2=" ">
            <subfield code="a">1852050500</subfield>
        </datafield>
        <datafield tag="100" ind1="1" ind2=" ">
            <subfield code="a">Kelly, Tim</subfield>
            <subfield code="0">(NO-TrBIB)90911807</subfield>
        </datafield>
        <datafield tag="245" ind1="1" ind2="0">
            <subfield code="a">A Connecticut yankee in king Arthur's court :</subfield>
            <subfield code="b">based on the story by Mark Twain ; adapted by Tim Kelley</subfield>
        </datafield>
        <datafield tag="260" ind1=" " ind2=" ">
            <subfield code="a">Denver</subfield>
            <subfield code="a">Droitwich</subfield>
            <subfield code="b">Pioneer Drama</subfield>
            <subfield code="b">Hanbury Plays</subfield>
            <subfield code="c">1983</subfield>
        </datafield>
        <datafield tag="300" ind1=" " ind2=" ">
            <subfield code="a">37 s.</subfield>
        </datafield>
        <datafield tag="700" ind1="1" ind2=" ">
            <subfield code="a">Twain, Mark</subfield>
            <subfield code="d">1835-1910</subfield>
            <subfield code="0">(NO-TrBIB)90056487</subfield>
        </datafield>
    </record>